3232 5692
335 756 400 819 208
594 771 777 820 murreus
800 769 908 819 uanus
932 771 1117 822 sneunnus

166 956 234 1006 ΑΒ,
248 959 311 1007 1175
333 944 607 1017 deprehenderetur.
630 946 688 1002 Sed
700 947 759 1003 cito
777 946 829 1002 ille
847 946 929 1010 obiit,
944 953 975 1002 et
992 946 1070 1018 apud
1092 945 1264 1001 Godestowe
1284 985 1291 1002 .
1312 986 1319 1000 .
1340 986 1347 1000 .
1367 985 1375 1001 .

169 1027 256 1074 4179.
332 1029 363 1083 in
381 1029 508 1102 capitulo
526 1029 698 1086 monialium
717 1030 832 1102 sepulta
850 1037 904 1094 est,
925 1048 992 1086 cum
1011 1031 1064 1085 tuli
1083 1030 1251 1102 epitaphio:

429 1156 449 1181 ‘¹
463 1153 521 1209 Hie
536 1154 617 1224 jacet
634 1155 665 1209 in
676 1155 779 1210 tumba
796 1172 864 1210 rosa
880 1154 992 1220 muudi,
1011 1172 1068 1210 non
1085 1171 1153 1210 rosa
1170 1154 1287 1209 munde.

430 1241 449 1265 ‘¹
462 1237 530 1293 Non
546 1238 660 1293 redolet
678 1237 729 1293 sed
747 1238 807 1294 olet
824 1238 902 1310 quod
921 1239 1052 1294 redolere
1071 1238 1174 1294 solet.”

331 1379 414 1435 Gista
438 1378 571 1451 ejusdem
598 1381 713 1452 puellae,
743 1381 793 1436 vix
817 1381 961 1454 bipedalis
987 1401 1132 1438 mensures
1159 1381 1212 1439 sed
1235 1380 1378 1437 mirabilis

331 1465 544 1530 architectura,
563 1465 672 1520 ibidem
686 1466 825 1531 cernitur,
840 1467 871 1521 in
884 1485 942 1537 qua
954 1467 1105 1523 conflictus
1117 1466 1262 1538 pugilum,
1277 1471 1378 1536 gestus

331 1547 509 1613 animalium,
539 1548 654 1604 volatus
685 1549 794 1615 avium,
823 1549 916 1604 saltus
943 1549 1081 1622 piscium,
1112 1550 1222 1620 absque
1251 1549 1378 1604 hominis

163 1637 280 1704 Homage
331 1640 470 1712 impulsu,
490 1640 717 1712 conspiciuntur.
763 1632 927 1699 Vicesimo
956 1638 1069 1698 autem
1092 1638 1126 1698 et
1150 1633 1268 1719 quinto
1290 1654 1379 1697 anno

136 1769 139 1776 ·
163 1706 285 1832 ‘idm’
330 1733 416 1818 regis
430 1732 528 1818 hujus
549 1732 686 1799 Henriei
703 1733 815 1820 patris,
832 1733 1377 1812 willielmus1·exSeotiae‚secun-

163 1836 229 1902 king
239 1840 270 1887 οἲ
330 1833 410 1899 dum
443 1835 690 1920 promissionem
724 1857 817 1900 suam
848 1835 1032 1902 Eboracum
1056 1837 1099 1902 ad
1122 1836 1378 1924 parliamentum

163 1903 289 1956 smum
329 1936 474 2013 veniens
496 1937 544 2002 ibi
573 1945 609 2001 de
637 1963 779 2002 consensu
806 1964 961 2018 procerum
988 1954 1018 2002 et
1043 1948 1232 2019 praelatorum
1259 1964 1378 2002 suorum

331 2038 419 2104 dicto
442 2048 507 2118 regi
526 2047 656 2103 Heurico
686 2039 775 2124 patri
806 2061 904 2105 suum
926 2047 1098 2119 homagium
1125 2048 1258 2104 seuiebat.
1304 2037 1378 2102 Hoc

330 2162 460 2227 quoque
487 2149 550 2203 suis
569 2148 680 2203 litteris
698 2149 869 2221 petentibus
889 2147 924 2206 et
945 2140 1183 2226 compositione
1206 2137 1375 2220 firmavit,¹

330 2242 408 2313 quod
426 2244 490 2314 ipse
509 2247 539 2296 et
557 2258 740 2296 successores
760 2243 805 2296 sui
819 2249 849 2297 et
860 2243 993 2297 homiues
1008 2241 1115 2297 Scotiue
1132 2243 1263 2297 lacerent
1279 2242 1378 2297 homn-

330 2329 422 2400 gium,
442 2326 652 2399 legiamentum
684 2333 714 2380 et
744 2326 925 2392 fidelitatem,
958 2327 1079 2396 regibus
1107 2327 1234 2398 Angliae,
1264 2327 1378 2397 quoties

330 2434 417 2490 super
435 2420 490 2475 hoc
507 2418 736 2489 requirerentur.
768 2419 804 2473 Iu
817 2419 935 2491 signum
948 2419 1032 2490 eujus
1046 2418 1245 2490 subjectionis,
1270 2411 1378 2477 dictus

329 2529 381 2566 rex
400 2511 506 2567 Scotioe
524 2510 631 2565 obtulit
648 2510 793 2582 capellum
807 2518 836 2566 et
849 2512 951 2566 sellam
965 2529 1047 2566 suam
1067 2529 1155 2583 super
1173 2513 1264 2568 altare
1279 2513 1376 2569 Sancti

329 2595 453 2650 Petriin
471 2593 595 2650 ecclesia
612 2594 806 2660 Eboraeensi;
828 2613 893 2665 quar
912 2594 1021 2649 ibidem
1046 2613 1140 2666 usque
1158 2595 1244 2651 hodie
1263 2616 1378 2653 conser-

328 2685 443 2734 vantur.
491 2678 531 2732 Et
548 2676 718 2748 adjecerunt
734 2696 871 2749 proceres
891 2679 996 2734 Scotiae
1015 2697 1082 2733 oum
1096 2679 1264 2749 juramento
1289 2683 1376 2754 quod,

329 2763 355 2817 si
374 2760 529 2833 aliquando
547 2779 599 2814 rex
618 2759 723 2815 Scotiae
735 2779 753 2816 a
765 2761 905 2817 fidelitate
923 2762 1063 2832 praedicta
1080 2763 1217 2827 resiliret,
1238 2766 1295 2837 ipsi
1313 2784 1379 2820 eon-

330 2852 378 2902 tra
394 2863 496 2915 regem
516 2844 622 2899 Scotirs
640 2845 839 2916 insurgerent,
859 2845 950 2901 donec
969 2846 1164 2918 resipisceret.
1203 2848 1297 2917 Quam
1315 2851 1379 2921 qui-

331 2939 397 2994 dem
410 2936 649 3009 compositionem
663 2935 824 3008 Gregorius
837 2936 1064 3010 papaoctaVUS,
1075 2939 1105 2994 in
1118 2939 1243 2997 diversis
1256 2943 1380 3013 rescrip-

331 3033 370 3087 tis
400 3031 521 3103 regibus
552 3029 671 3100 Angliae
702 3036 732 3084 et
762 3029 868 3086 Scotioe
906 3032 1036 3096 directis,
1076 3032 1227 3089 mandavit
1256 3035 1379 3089 firmiter

164 3133 305 3184 nieuton-
331 3123 490 3179 observari.
537 3112 637 3178 Auno
660 3113 736 3177 inde
758 3119 923 3198 sequente,
948 3115 1041 3180 venit
1062 3115 1105 3179 ad
1127 3116 1378 3202 parliamentum

162 3203 308 3330 maffia
331 3216 419 3302 apud
446 3214 760 3300 Nortlramptoniaru
795 3215 902 3280 dictus
935 3215 1132 3280 Willielmus
1162 3240 1219 3282 rex
1250 3218 1379 3295 Sentias,

162 3341 231 3382 ment
241 3336 272 3383 of
330 3317 605 3404 permundatum
640 3316 727 3402 regis
763 3316 909 3394 Henriei,
932 3318 1095 3384 adducens
1127 3341 1234 3386 seeum
1267 3343 1378 3386 omnes

161 3400 314 3515 {punam
331 3420 506 3505 episcopos,
540 3417 677 3484 abbates
711 3425 745 3484 et
779 3419 912 3505 priores,
935 3421 1039 3485 totius
1061 3422 1153 3507 regni
1176 3423 1235 3487 sui.
1281 3424 1378 3488 Anno

207 3503 214 3518 ’
331 3526 443 3587 autem
470 3525 512 3590 27
535 3520 634 3606 hujus
665 3521 751 3606 regis
786 3521 932 3597 Henrici,
957 3522 1044 3588 idem
1078 3546 1137 3588 rex
1170 3524 1288 3590 Scotiae
1321 3548 1379 3612 per

331 3624 525 3688 mandatum
548 3621 646 3706 hujus
675 3623 763 3709 regis
787 3622 925 3690 Heuriei
956 3625 1108 3690 venitin
1131 3626 1377 3693 Normanniam.

162 3744 319 3809 Ilepardons
332 3725 436 3811 Cujus
468 3724 705 3788 ammonitione
736 3729 770 3788 et
802 3725 937 3790 consilio
971 3727 1059 3791 idem
1091 3727 1290 3795 Willielmus
1319 3752 1379 3794 rex

163 3812 318 3928 {lfflf'l'
332 3828 452 3893 Scotiae
476 3826 621 3892 Mathaeo
645 3827 795 3913 episeopo
818 3827 858 3892 de
882 3828 1058 3895 Aberdene
1081 3830 1287 3896 euJohsnni
1310 3833 1378 3919 epi-

163 3945 287 4029 desuem
331 3952 428 4016 scopo
461 3929 575 3994 Sancti
607 3930 762 4006 Andreae,
786 3952 869 4015 quos
904 3931 972 4018 ipse
1003 3955 1024 3997 a
1050 3932 1162 3998 Scotiu
1198 3934 1381 4020 fugaverat,

163 4012 269 4127 {22³¹
330 4033 500 4099 licentiam
523 4033 684 4097 concessit
706 4033 920 4118 repatriandi.
966 4033 1055 4099 Nam
1079 4035 1231 4101 Clemens
1246 4059 1332 4123 papa
1348 4039 1378 4118 3,

245 4116 251 4129 ’
330 4136 420 4201 inter
452 4141 578 4211 coetera,
618 4135 709 4220 prius
746 4135 963 4201 mandaverat
1001 4136 1090 4203 dicto
1126 4137 1271 4204 Henrieo
1309 4140 1379 4227 regi

330 4238 462 4324 Angliae
485 4236 572 4322 quod
595 4237 702 4322 ipsum
720 4237 936 4302 Willielmum
952 4238 1074 4325 Regem
1097 4239 1217 4306 Scotiae
1233 4249 1380 4307 moneret

330 4347 365 4406 et
388 4341 563 4415 induceret,
587 4343 621 4403 et
643 4339 672 4402 si
695 4360 824 4404 necesse
846 4339 931 4405 foret
961 4340 1167 4406 districtione
1189 4343 1291 4430 regali
1314 4366 1380 4429 qua

333 4546 422 4553 ——-.
428 4545 556 4552 -ffl-
580 4544 673 4549 -.-
684 4543 733 4549 ..-

684 4666 691 4696 ¹
703 4666 831 4732 firmauit]
851 4665 971 4735 carielli.
983 4667 1017 4717 Il.
