3232 5692
333 1527 603 1618 ululatus
633 1529 810 1620 ABBAS
842 1529 1122 1622 SEPTIMUS.

208 1968 234 2032 l.
258 1966 308 2031 Dc
338 1964 503 2031 creatione
526 1965 674 2033 Rr'ccrda'
701 1965 831 2034 abbatia
855 1966 877 2036 7
886 1991 900 2047 ;
922 1968 964 2034 de
993 1968 1127 2034 duabus
1152 1975 1331 2033 caru-tlt

293 2068 379 2133 catis
401 2073 498 2134 mrum
519 2068 563 2134 ia
584 2067 741 2154 chllac,
765 2077 795 2136 et
815 2092 935 2137 abaco
956 2070 1096 2138 redditu
1117 2077 1252 2137 contrua

294 2170 502 2238 eolidcrwm¹
522 2192 590 2258 pro
610 2170 759 2238 eodem?

204 2361 308 2426 Anno
351 2360 487 2425 Domini
521 2364 617 2437 1221,
664 2365 796 2427 mortuo
840 2363 1033 2449 praescripto
1075 2360 1407 2430 Galfrid0³n.1)·12²1

203 2463 343 2529 ⁴abbate
367 2468 397 2543 6,
420 2465 542 2529 electus
563 2463 671 2529 estin
694 2465 848 2530 abbatem
871 2465 1031 2530 Ricardus
1052 2465 1093 2531 de
1116 2437 1381 2566 Otring·E¹,{e³t⁵ion

203 2566 288 2646 ham,
326 2568 510 2632 cellerarius
546 2568 736 2632 monasterii
772 2567 878 2632 nostri
891 2567 914 2647 ;‘
951 2569 1010 2654 qui
1046 2568 1112 2634 fere
1142 2590 1253 2635 omncs
1263 2582 1377 2700 fflffi
1403 2651 1418 2702 r

1227 2671 1235 2685 ·
1387 2662 1403 2701 o

204 2670 443 2735 controversias
464 2675 571 2734 motas
601 2669 642 2733 de
671 2668 767 2734 tanis
789 2674 868 2734 ante
890 2691 950 2735 sua
971 2674 1121 2756 tempora
1142 2691 1252 2756 acqur-
1264 2713 1381 2783 Ottring-

202 2773 275 2837 sitis
296 2771 484 2858 pacificavit
514 2777 549 2837 et
579 2771 623 2836 ad
652 2770 751 2836 finem
785 2771 935 2836 debitum
957 2794 1061 2858 usque
1083 2772 1328 2858 perduxitlmn

205 2874 285 2939 Fuit
307 2875 396 2940 enim
427 2877 480 2940 vir
512 2873 667 2960 pacificus
699 2877 734 2938 et
768 2874 879 2938 omnia
911 2875 1034 2960 placita
1063 2874 1251 2956 abhorrens,

207 2979 341 3064 cupiens
372 2979 408 3042 in
440 2976 683 3062 tranquillitate
715 2985 751 3040 et
782 2996 860 3060 pace
891 2975 1048 3041 deducere
1071 2976 1140 3042 dies
1162 2997 1250 3041 suos.

209 3079 289 3145 Fuit
304 3080 406 3144 etiam
421 3100 520 3165 sagax
536 3084 570 3143 et
585 3077 750 3163 providus,
767 3077 844 3143 licet
860 3078 1069 3143 mediocriter
1090 3078 1250 3143 literatus
1357 3116 1361 3125 ·

212 3182 277 3260 Qui
324 3181 478 3268 pluriaa
515 3178 804 3266 praedecessoribus
836 3181 905 3246 suis
938 3180 1077 3267 incepta,
1111 3186 1181 3245 tam
1214 3181 1251 3244 in

207 3284 406 3350 monasterio
429 3304 527 3369 quam
549 3282 586 3346 in
608 3282 764 3368 grangiis,
779 3282 846 3347 fine
868 3282 981 3348 debito
1003 3282 1251 3348 consummavit.

206 3388 311 3466 Quem
327 3393 439 3452 tamen
454 3384 621 3450 Walterns
637 3385 736 3471 Gray,
752 3385 1013 3472 archiepiscopus
1028 3385 1250 3466 Eboracensis,
1264 3392 1390 3459 Waghm.

205 3512 302 3576 super
324 3489 475 3554 omnibus
498 3489 596 3553 terris
619 3488 740 3552 nostris
762 3487 799 3551 in
821 3487 999 3574 Waghna⁵
1021 3487 1250 3574 implacitavit,
1262 3475 1393 3596 tshffilffl

202 3593 297 3677 quasi
320 3612 432 3656 omnes
454 3596 550 3656 terrae
572 3595 696 3655 nostra
727 3588 874 3666 ibidem,⁰
896 3589 987 3655 ultra
1007 3591 1088 3655 xxii
1111 3590 1250 3655 bovatas
1261 3609 1351 3677 bishop
1362 3614 1393 3664 of

203 3701 300 3759 terrae
322 3715 405 3780 quaa
438 3693 541 3758 abbas
561 3695 674 3758 noster
695 3691 887 3758 Alexander
908 3692 950 3758 de
974 3691 1122 3758 Galfrido
1146 3676 1382 3811 archi-Qu?

202 3798 361 3883 episcopo,
376 3803 416 3862 ut
430 3796 612 3883 praefertur,
626 3796 840 3881 recuperavit,
857 3798 1052 3874 scaenicum,
1063 3796 1119 3862 vel
1132 3794 1249 3860 saltem
1260 3809 1333 3862 landa
1344 3811 1370 3861 in

202 3901 243 3965 de
265 3899 360 3966 feodo
383 3920 449 3964 suo.
495 3897 596 3964 Unde
613 3897 790 3983 justitiarii
804 3898 890 3985 regis
911 3898 1096 3985 specialiter
1117 3875 1387 3965 fuerantwaghelb

238 4183 244 4212 ¹
262 4179 337 4229 After
347 4175 474 4226 solidorum
485 4176 564 4225 insert
575 4175 641 4236 dato,
652 4174 682 4224 P.
748 4174 811 4224 chus
833 4173 937 4238 qnidam
960 4175 1003 4240 qui
1026 4175 1075 4225 fuit
1098 4176 1250 4241 cellerarius,

236 4290 246 4318 ²
263 4285 337 4336 ΔΜ·
348 4282 436 4334 eisdem
446 4282 534 4344 insert,
547 4287 572 4331 ct
589 4282 620 4330 de
637 4287 704 4330 tene·
748 4254 872 4363 Rifffllm
883 4255 915 4304 de
927 4255 1087 4320 offinssmv
1097 4256 1126 4307 P·
1314 4255 1317 4262 Ι

208 4366 299 4417 mentis
309 4364 336 4414 in
347 4362 548 4428 Benyngholmc,
558 4360 588 4411 P.
749 4349 882 4465 Gauffi'
897 4332 1250 4480 pupliigflwfflmmm

239 4473 248 4503 a
270 4469 400 4535 Galsridc]
420 4466 552 4529 Guuffido,
562 4466 592 4519 P.
749 4451 956 4559 praeemp’super
974 4494 1048 4545 terris
1067 4510 1129 4559 qm
1147 4498 1249 4548 teneba-

241 4579 250 4608 ⁴
266 4576 354 4626 ablate
369 4589 511 4626 ......
512 4573 557 4638 ln]
576 4572 705 4621 ordinatus
749 4588 804 4623 mus
815 4573 842 4622 in
853 4572 980 4639 Waghna,
990 4573 1020 4623 P.

207 4658 256 4708 fuit
270 4657 346 4707 abbas
362 4652 507 4705 monasterii
524 4651 603 4702 nostri
621 4666 705 4701 mona·
782 4656 792 4682 ⁰
810 4651 908 4719 ibidem]
928 4654 959 4704 de
971 4653 1097 4719 Waghna,
1108 4655 1138 4705 P.
