3256 5692
377 803 443 865 420
551 779 558 797 ”
651 815 952 867 n1casnusnsms
975 819 1152 871 snrrnrus.

378 1078 416 1144 V.
450 1078 500 1143 Do
533 1077 633 1144 terris
654 1085 684 1145 at
712 1080 908 1146 temnentia
933 1080 997 1148 in¹
1025 1080 1184 1161 Goldorw,
1205 1083 1424 1151 Hornscbar-

699 1187 781 1248 tona
803 1189 833 1247 et
862 1182 1093 1270 Warthcytfaid.

210 1350 279 1400 nn.
293 1356 352 1401 1221
422 1340 541 1406 Idem²
570 1346 682 1406 autem
724 1342 885 1409 Ricardus
923 1345 1024 1413 abbas
1064 1347 1224 1413 concessit
1257 1348 1301 1412 ad
1332 1348 1423 1413 feodi

210 1423 301 1469 4285.

210 1508 333 1562 Coldona.

376 1443 505 1508 firmam
528 1443 661 1508 Matheo
685 1444 857 1510 Ookerello
879 1447 967 1533 ipsas
988 1454 1132 1534 quatuor
1154 1450 1292 1515 bovatas
1312 1455 1422 1528 terra,

375 1568 449 1610 cum
471 1546 577 1611 tribus
612 1546 714 1626 toftis,
739 1554 774 1612 et
805 1553 975 1635 pasturam
999 1555 1019 1615 8
1042 1550 1147 1616 bobus
1169 1553 1227 1617 *in
1251 1552 1422 1630 Ooldona'

375 1646 480 1734 quas⁸
513 1648 690 1715 habuimus
721 1672 763 1714 ex
791 1649 899 1716 dono‘
931 1653 1034 1740 patris
1069 1655 1142 1733 sui;
1173 1659 1213 1719 ut
1235 1654 1331 1741 ipse⁵
1362 1678 1423 1742 pro

374 1751 470 1816 dictis
493 1752 588 1816 terris
622 1752 793 1816 dimidiam
824 1776 968 1819 marcam
991 1757 1085 1821 nobis
1117 1757 1271 1823 redderet
1293 1779 1422 1823 annua-

374 1856 444 1920 tim.
501 1854 567 1934 Qui
598 1876 674 1940 ergo
698 1853 851 1920 Matheus
885 1857 982 1922 nobis
1015 1858 1080 1922 fide
1108 1859 1216 1924 media
1242 1861 1421 1947 promisit⁶

374 1966 408 2024 et
429 1958 601 2022 voluntate
632 1962 811 2043 spontanea
840 1959 968 2043 juravit
1002 1961 1090 2046 qnod
1121 1961 1247 2027 nemini
1273 1963 1420 2048 aliquam

374 2068 501 2150 partem
523 2060 626 2150 ipsius
653 2042 773 2125 tenne⁷
807 2061 910 2140 daret,
943 2062 1102 2129 venderet
1135 2085 1192 2129 seu
1219 2064 1419 2145 invadiaret,

371 2167 441 2230 sine
463 2184 622 2229 consensu
643 2168 756 2226 nostro
779 2169 812 2227 et
835 2163 1032 2244 voluntate3
1056 2173 1097 2242 et,
1121 2166 1151 2230 si
1174 2187 1266 2231 secus
1285 2167 1417 2247 faceret,

371 2268 484 2333 liceret
506 2267 600 2332 nobis
630 2265 735 2352 ipsam
766 2270 890 2330 terram
912 2266 952 2331 de
975 2288 1009 2331 so
1036 2272 1070 2331 et
1098 2266 1141 2332 ab
1168 2267 1225 2332 illo
1249 2270 1302 2333 oui
1325 2271 1417 2337 illam

267 2419 273 2431 .
370 2369 536 2444 venderet,
567 2368 638 2431 sine
669 2367 782 2454 aliqua
812 2367 950 2454 alicujus
972 2369 1239 2450 contradictione,
1267 2372 1311 2436 ad
1344 2364 1418 2461 pro-

370 2472 457 2558 prios
479 2491 558 2533 usus
580 2490 739 2534 revocare.
779 2469 1033 2536 Verumtamen⁸
1054 2472 1230 2557 praedictus
1256 2474 1418 2554 Mothous,

288 2556 294 2568 ’
368 2577 484 2636 contra
505 2570 677 2658 praefatam
702 2571 936 2659 obligationem
969 2595 1073 2653 suam,
1099 2574 1252 2640 vendidit
1277 2576 1417 2644 diversis

368 2671 538 2763 personis⁹
560 2672 716 2759 percellas
738 2672 884 2758 ipsarum
904 2663 1103 2739 terrarum.¹⁰
1141 2676 1203 2742 Per
1217 2700 1317 2763 quam
1339 2681 1417 2747 alie-

368 2779 535 2843 nationem
567 2775 639 2861 ipsa
671 2774 766 2839 firma
783 2796 912 2863 *annua
944 2776 1094 2843 dimidiae
1131 2801 1248 2845 marom
1280 2785 1417 2851 omnino

369 2879 516 2968 deperiit.
573 2877 619 2943 Et
641 2876 684 2941 ad
711 2898 852 2964 quorum
874 2900 994 2942 manus
1022 2880 1157 2965 reliquae
1185 2881 1261 2947 dnae
1282 2883 1415 2954 bovatae

369 2990 474 3060 terrae,
498 3003 572 3047 cum
595 2979 679 3045 tosto
702 2985 736 3045 et
757 2978 897 3059 cultura,
920 3003 994 3044 cum
1017 2987 1113 3068 prato
1136 2984 1318 3068 adjacente,
1342 3012 1416 3074 quse

369 3087 494 3152 ibidem
532 3079 742 3162 habuimus,¹¹
784 3081 994 3162 devenerant,
1040 3085 1173 3171 penitus
1217 3087 1415 3173 ignoramus.

370 3190 599 3272 Walterusque
622 3187 661 3250 de
694 3183 881 3272 Spyneto¹⁹
913 3186 1005 3250 dedit
1038 3188 1133 3252 nobis
1166 3188 1360 3278 homagium
1381 3201 1416 3260 et

368 3293 540 3357 servitium
576 3289 707 3353 Girardi
729 3289 791 3353 filii
815 3289 908 3353 Petri
941 3289 981 3352 de
1014 3289 1178 3376 Owstyby
1202 3293 1241 3357 de
1265 3294 1416 3363 Hornse-

368 3397 511 3460 burtona
534 3392 747 3456 etheredum
771 3413 914 3469 suorum,
948 3392 987 3455 de
1010 3392 1138 3457 duabus
1160 3394 1292 3461 bovatis
1315 3405 1414 3466 terrae

367 3503 400 3561 et
423 3518 489 3560 uno
512 3496 620 3559 clauso
652 3516 726 3557 cum
751 3493 965 3578 pertinentiis
1000 3494 1034 3557 in
1067 3494 1352 3579 Hornsebnrtona,
1380 3510 1415 3568 et

366 3621 513 3663 annuum
548 3596 713 3660 redditum
748 3596 888 3659 duorum
922 3597 1100 3662 solidorum
1128 3600 1168 3664 de
1196 3601 1294 3668 dictis
1324 3610 1414 3670 tene-

369 3696 525 3766 mentis¹³
571 3699 636 3777 Qui
664 3697 796 3782 quidem
830 3697 989 3763 Girardus
1022 3700 1135 3765 eadem
1158 3702 1239 3767 duas
1272 3701 1415 3773 bovatas

397 3924 548 3973 ¹Deterria
566 3929 590 3970 et
608 3920 742 3969 tenetnentia
762 3919 862 3990 in]‚De
947 3920 1047 3971 'Aster
1070 3931 1139 3972 terra
1167 3925 1253 3990 insert,
1277 3944 1354 3991 quam
1381 3934 1412 3982 de

363 4003 528 4069 acquisitione
552 4007 681 4058 terrarum,
709 4006 863 4049 tenemento·
911 4001 983 4049 nobis
995 4002 1102 4062 tenebat,
1114 4003 1144 4053 P.

361 4100 416 4133 rum
429 4090 454 4132 et
470 4080 612 4131 reddituum
627 4079 653 4128 in
665 4077 861 4142 Wythornwyh,
946 4079 955 4105 ³
980 4077 1155 4148 Verumtamen]
1203 4083 1411 4148 verumptamen,

362 4162 509 4226 Bewyk,P.
556 4160 560 4170 '
910 4161 971 4210 both
983 4160 1059 4210 MSS.

393 4245 402 4272 ²
420 4239 499 4304 Idan]
521 4238 585 4301 Ipse,
597 4237 627 4286 P.
942 4244 952 4270 ⁹
966 4240 1089 4305 paeonis]
1103 4242 1217 4307 wanting
1227 4245 1254 4293 in
1267 4246 1297 4296 P.

392 4323 445 4370 ³512
463 4358 469 4370 ,
487 4356 494 4369 .
512 4356 518 4368 .
536 4315 611 4380 quas]
636 4316 777 4380 exceptas
793 4318 859 4368 acris
944 4322 963 4350 ¹⁰
981 4320 1113 4385 arrarum]
1144 4329 1160 4370 4
1182 4324 1331 4375 bovatamm
1352 4335 1409 4378 et³

359 4413 440 4462 terra,
456 4415 511 4464 qua
531 4396 616 4447 omnia
634 4396 746 4458 exceptis
763 4396 824 4460 ipsis
843 4404 857 4446 8
908 4400 1034 4459 totorum,
1046 4400 1075 4449 P.

360 4483 432 4541 wig,
444 4480 473 4530 P,
942 4481 957 4509 ¹¹
977 4477 1115 4544 tabuimus]
1134 4480 1307 4546 habueramus,
1319 4485 1350 4536 P.

391 4566 399 4593 ⁴
417 4562 493 4612 nster
504 4558 564 4607 dono
575 4555 653 4604 insert
664 4554 776 4618 Roberti,
788 4556 818 4606 P.
943 4560 961 4587 ¹²
980 4558 1100 4623 Spyneto]
1121 4559 1231 4624 Spineto,
1242 4562 1274 4613 1‘.

391 4644 400 4671 ³
418 4641 493 4690 Atter
505 4640 555 4704 ι’ρεε
566 4636 644 4684 insert
655 4633 782 4689 Matheus.
792 4636 820 4684 P.
941 4639 959 4666 ¹¹
968 4637 1043 4687 After
1052 4642 1186 4689 tenementis
1196 4640 1275 4693 insert
1286 4652 1408 4711 perpetuo

389 4724 399 4751 ⁶
415 4715 538 4785 promisit]
557 4713 723 4779 promittebat,
734 4714 764 4763 P.
906 4717 1130 4781 percipiendorum,
1141 4719 1172 4770 P.
1438 4726 1448 4739 '
