3232 5692
350 754 414 816 est
648 768 788 817 ruouas
811 767 920 816 sauss
941 766 1091 817 rannus

182 948 487 1013 A.D.1189.tauquam
505 943 531 996 si
549 959 600 997 rex
618 942 810 996 exterminare
830 941 849 995 J
851 939 948 995 udoeos
963 939 1111 1012 jussisset,
1138 944 1230 994 totam
1247 934 1399 1010 percurrit

349 1026 471 1089 orhem;
496 1044 620 1096 moxque
640 1027 766 1080 fremens
793 1023 919 1095 populus
938 1023 1039 1078 domos
1058 1023 1108 1077 ubi
1127 1022 1235 1094 trepidi
1253 1026 1398 1095 coniuge·

348 1126 415 1174 rant
434 1118 530 1173 Judmi
549 1126 706 1189 oppugnat,
728 1116 864 1181 incendit,
884 1107 1012 1183 occidit,
1033 1115 1256 1187 spoliatusque
1273 1124 1397 1189 propter

349 1220 484 1276 mandata
510 1221 594 1291 regis
611 1220 736 1274 desistit.
773 1209 852 1296 Ipsa
884 1215 995 1275 taimen
1029 1230 1117 1274 nova
1150 1230 1208 1294 per
1239 1210 1397 1276 universa

349 1313 482 1399 angliae
498 1311 731 1377 incontinenti
747 1311 893 1397 undiquc
909 1332 1079 1397 conspersa
1094 1309 1249 1391 fuerunt3
1272 1312 1397 1399 ubique

350 1417 437 1481 enim
470 1414 594 1479 inimici
619 1413 743 1479 Christi
778 1435 798 1476 a
829 1413 1026 1478 Christianis
1048 1412 1302 1499 perimebantur,
1333 1437 1396 1480 nec

349 1517 439 1583 ullus
460 1515 655 1602 subterfugii
689 1516 777 1581 locus
800 1515 847 1580 eis
870 1521 964 1580 tutus
986 1521 1066 1592 erat,
1089 1515 1153 1579 nisi
1187 1516 1222 1580 in
1253 1516 1396 1583 castellis

349 1619 449 1705 regiis
482 1618 599 1683 inclusi
637 1623 839 1682 tenerentur.
900 1617 982 1696 Quae
1021 1618 1202 1703 persecutio
1239 1619 1298 1683 vix
1336 1641 1396 1706 per

349 1743 472 1786 annum
496 1740 555 1785 nee
577 1727 699 1785 terrore
721 1719 810 1806 regio
832 1741 893 1785 nec
914 1720 1076 1806 imperiali
1098 1719 1169 1805 ejus
1190 1721 1306 1801 edicto,
1328 1724 1394 1787 nisi

348 1823 411 1887 sub
440 1823 602 1906 juratoria
624 1822 775 1887 cautione
799 1845 819 1886 a
841 1822 969 1887 Judaeis
991 1822 1148 1909 praestita,
1170 1823 1394 1907 conquiescere

349 1925 466 2023 potuit.
514 1923 617 2009 Cujus
639 1924 870 2008 persecutionis
901 1932 1080 1986 immensitas
1106 1932 1132 1987 si
1157 1931 1340 1989 dissimulata
1365 1935 1441 1989 etii.
1456 1935 1572 2001 lligden,

350 2027 444 2081 inulta
461 2027 600 2081 transiret
617 2027 778 2096 primordia
795 2027 886 2096 regim
898 2024 1059 2095 majestatis
1071 2023 1231 2095 plurimum
1243 2025 1395 2081 videretur
1407 2003 1460 2056 ⁰⁰¹⁴
1472 2009 1551 2053 2⁴⁰¹·

350 2111 504 2179 denigrare
514 2109 532 2175 ;¹
560 2116 679 2181 propter
706 2108 871 2181 copiosa111²
900 2116 999 2163 tamen
1028 2124 1145 2162 reorum
1174 2108 1393 2164 multitudinem

184 2205 263 2285 Their
273 2208 323 2258 fate
350 2202 530 2259 dissimulari
549 2202 678 2273 oportuit
697 2201 775 2273 quod
792 2201 934 2255 vindicari
952 2218 1010 2255 uon
1027 2200 1164 2255 valebat.²
1211 2193 1308 2273 Quod
1331 2195 1393 2258 mi·

182 2277 294 2404 {effi
350 2295 486 2361 serabile
510 2293 729 2359 infortunium
752 2294 880 2359 Judaeis
911 2315 975 2357 non
1008 2294 1078 2357 sine
1101 2315 1219 2379 inagna
1249 2296 1397 2361 animad-

183 2407 342 2484 mochipgor
351 2398 498 2462 versione
521 2397 695 2482 contigisse
719 2396 950 2460 arbitrandum
974 2402 1031 2460 est
1089 2395 1177 2460 Nam
1211 2418 1284 2462 eum
1317 2421 1398 2485 gens

184 2472 312 2588 felffln
350 2501 409 2564 illa
431 2499 556 2563 nefaria
578 2520 635 2584 per
657 2520 795 2583 regnum
818 2498 949 2583 Anglim
971 2497 1221 2583 circumquaque
1244 2500 1398 2587 dispersa,

183 2604 244 2654 aies.
352 2602 413 2665 suh
442 2600 585 2664 Henrico
619 2621 695 2685 rege
728 2603 773 2676 20,
807 2600 842 2663 in
874 2598 1006 2662 diutina
1038 2601 1126 2684 pacis
1157 2603 1331 2668 securitate
1362 2611 1398 2668 et

352 2709 537 2788 temporum
553 2701 793 2787 tranquillitate
817 2702 921 2765 vitam
937 2701 973 2764 in
989 2700 1142 2766 omuibus
1164 2704 1398 2789 temporalibus

355 2805 450 2870 bonis
484 2803 766 2889 opulentissimam
800 2803 910 2881 duxit,
935 2803 970 2866 in
1005 2810 1136 2868 tantum
1169 2806 1320 2892 prorupit
1342 2829 1399 2870 au-

353 2906 462 2983 decim,
488 2906 587 2969 immo
611 2906 645 2968 in
669 2904 840 2984 insaniam,
863 2911 902 2969 ut
925 2905 1093 2969 dominum
1116 2915 1266 2972 nostrum
1282 2908 1397 2973 lesum

354 3010 522 3076 Christum
546 3008 703 3094 sacrilego
727 3030 790 3083 ore,
806 3030 872 3071 non
895 3007 998 3071 solum
1022 3008 1057 3071 in
1079 3011 1210 3074 secretis
1233 3012 1300 3075 suis
1321 3033 1398 3075 con·

354 3110 537 3186 venticulis,
559 3111 615 3174 sed
643 3111 743 3173 etiam
767 3109 895 3195 publice
928 3117 962 3174 et
994 3110 1102 3196 impie,
1125 3111 1395 3198 blasphemarent,

355 3236 392 3278 uc
415 3213 492 3277 fidei
516 3218 637 3276 nostrat
661 3216 695 3275 et
718 3211 943 3276 ecclesiasticis
966 3213 1178 3276 sacramentis
1200 3214 1308 3299 palam
1324 3237 1398 3280 con-

355 3315 508 3379 viciando
544 3314 757 3398 ‹lerogurcnt3
786 3335 912 3377 necnon
947 3313 1103 3398 quosdam
1135 3315 1397 3382 Christianorum

354 3418 461 3503 pretio
496 3422 709 3500 comparatos,
747 3414 789 3477 ad
827 3415 967 3479 dedecus
1001 3420 1035 3479 et
1071 3418 1280 3502 opprobrium
1322 3420 1397 3484 fidei

357 3518 564 3591 Christiame,
587 3522 622 3580 et
645 3517 687 3579 ud
710 3515 865 3599 niujoiem
889 3538 956 3580 sirm
979 3518 1202 3583 damnationis
1224 3522 1399 3593 cumulum,

187 3630 297 3707 'ljheno
355 3620 441 3684 eruci
465 3618 642 3703 affigerent.
689 3617 802 3681 Plures
825 3619 957 3703 insuper
979 3619 1138 3684 nobilium
1154 3631 1254 3705 atque
1276 3623 1398 3687 medio·

187 3699 277 3812 md
356 3744 446 3786 erum
471 3721 512 3783 ud
536 3741 695 3782 summam
728 3724 916 3803 egestatem,
940 3720 1108 3785 distractis
1137 3724 1342 3807 patrimoniis
1364 3730 1398 3788 et

188 3829 300 3892 bytheir
358 3821 614 3910 possessionibus
647 3843 704 3906 per
735 3821 933 3885 occasionem
957 3822 1088 3887 Judaici
1121 3824 1263 3903 faenoris,
1287 3847 1399 3910 pervc-

189 3912 274 3961 raury.
360 3932 487 3989 nerant.
535 3923 634 3987 Unde
657 3945 723 3987 non
757 3922 920 3987 immerito
942 3931 1011 3987 tam
1046 3925 1186 3989 errulelis
1218 3928 1398 4012 persecutio

358 4052 377 4091 u
403 4027 601 4091 Christianis
624 4025 670 4089 eis
692 4031 743 4090 est
765 4025 867 4090 illata.

359 4214 575 4223 -—-...-..-
607 4215 677 4221 ....-
706 4216 746 4221 ...-
785 4216 813 4221 -
899 4216 906 4221 .
925 4217 931 4223 .
970 4216 1014 4223 η...
1047 4216 1075 4223 --
1149 4217 1263 4224 --———-
1280 4218 1390 4226 --

392 4321 399 4350 ¹
416 4317 556 4384 ‹lrn·'pr‹11c]
575 4318 725 4381 denigraret,
739 4318 768 4366 u.
783 4318 814 4367 ll.
934 4321 942 4347 ²
960 4317 1067 4383 satta]
1087 4319 1174 4382 potuit,
1186 4318 1216 4368 lt.
1228 4319 1260 4369 ll.
1326 4381 1328 4387 y
1380 4377 1384 4385 Ι

391 4402 400 4428 ²
417 4398 549 4464 cipiauua]
572 4398 701 4453 inlinitum,
714 4398 742 4446 u.
757 4398 790 4447 11.
