3232 5692
489 792 664 842 moranus
687 789 794 838 Annus
818 785 990 836 snrrmus.
1193 766 1258 836 42⁷

211 969 316 1048 terris,
341 969 376 1033 in
398 967 628 1053 Braythayte3
651 987 725 1051 quae
748 970 846 1030 terrm
869 970 1015 1050 temporo
1039 962 1176 1029 Roberti
1201 961 1258 1025 ab·
1272 983 1341 1031 Ab.
1357 986 1418 1031 1221

212 1073 301 1137 batis
332 1074 371 1135 11
405 1076 518 1157 postea
551 1073 630 1132 sunt
666 1066 830 1143 alienatae,
867 1072 906 1130 ut
945 1067 979 1129 in
1018 1088 1077 1131 suo
1115 1054 1364 1149 tompore·¹²³⁵·

212 1173 377 1266 referetur.
423 1171 469 1235 Et
492 1169 653 1234 Ricardns
686 1170 726 1232 de
759 1169 885 1255 Swyna
915 1168 1086 1254 burgensis
1109 1135 1392 1252 Revera-{gib

212 1277 316 1342 censis
339 1275 464 1362 legavit
488 1272 591 1348 nobie,
613 1277 647 1336 et
669 1272 804 1356 insuper
825 1270 941 1336 charta
963 1292 1023 1334 sua
1044 1268 1260 1344 confirmavit,

215 1399 319 1444 unum
342 1380 568 1441 tenementum
583 1381 618 1440 et
632 1396 782 1438 annuum
797 1373 966 1438 redditum
988 1373 1058 1437 xiii.
1083 1372 1261 1437 solidorum

215 1481 251 1545 in
273 1467 457 1544 Beverlaco
504 1478 567 1542 Pro
590 1498 654 1562 quo
677 1476 809 1563 quidem
833 1481 1022 1542 tenemento
1045 1476 1161 1541 Simon
1175 1474 1263 1538 filius

215 1580 342 1668 praefati
365 1579 498 1645 Ricardi
520 1577 630 1645 dedit¹
657 1601 756 1643 unam
778 1578 923 1664 placeam
947 1585 1044 1645 terrae
1066 1577 1262 1643 aedificatam

216 1686 252 1749 in
275 1684 492 1769 Flemyngate
507 1683 544 1747 in
559 1682 741 1747 Beverlecc
777 1682 959 1768 Petrusque
981 1682 1084 1747 frater
1098 1680 1262 1746 Johannis

99 1800 102 1805 “
218 1784 327 1852 Crassi
349 1784 390 1849 de
414 1784 591 1850 Beverlaco
613 1784 706 1849 dedit
728 1783 824 1849 nobis
847 1806 995 1849 annuum
1017 1784 1183 1850 redditum
1207 1806 1264 1849 xx.

217 1888 394 1954 solidorum
416 1888 457 1953 de
479 1880 606 1952 duobus
628 1888 825 1952 tenementis
858 1888 894 1951 in
929 1888 1041 1953 eadem
1064 1887 1152 1954 villa.
1199 1887 1265 1967 Qui

217 1996 329 2056 autem
351 1989 500 2055 redditus
522 2011 579 2054 xx.
602 1989 780 2055 solidorum
815 1989 859 2054 ad
891 1990 946 2055 xii.
969 1990 1089 2056 solidos
1123 1995 1266 2066 tantum,

218 2091 418 2180 temporibus
440 2092 600 2157 abbatum
622 2091 780 2157 Willelmi
804 2095 823 2159 9
852 2098 886 2157 et
909 2092 1043 2158 Ricardi
1068 2098 1119 2170 10,
1152 2099 1268 2180 postea

219 2195 459 2283 redigebantur.
519 2193 542 2259 J
544 2193 714 2260 ohannes²
748 2193 789 2259 de
821 2194 951 2260 Thorne
983 2196 1149 2282 vendidit,
1172 2195 1267 2260 nobis
1281 2200 1415 2256 Grovulis

220 2320 323 2363 unum
359 2297 482 2362 toftum
514 2298 549 2360 in
584 2296 752 2362 Grovallia
764 2322 772 2376 ;
810 2302 845 2362 et
874 2297 1002 2363 Alenus
1023 2298 1112 2362 filius
1139 2297 1268 2384 Marga-

220 2405 300 2465 retae
322 2399 363 2464 de
388 2399 536 2484 Drypule
567 2399 660 2488 dedit
690 2399 786 2463 nobis
816 2421 890 2464 cum
924 2422 1056 2487 corpore
1087 2421 1146 2464 suo
1178 2399 1268 2464 aliud

220 2502 343 2566 toftum
367 2502 402 2564 in
424 2501 537 2564 eadem
552 2499 641 2564 villa.
686 2499 878 2566 Walterus⁸
894 2501 1043 2589 Burgeys
1066 2501 1160 2567 dedit
1174 2501 1269 2566 nobis
1280 2517 1376 2567 North·

221 2602 392 2667 dimidiam
415 2607 601 2666 carucatam
624 2607 721 2666 terrae
744 2607 778 2666 et
800 2624 950 2667 annuum
980 2602 1153 2668 servitium
1175 2601 1269 2688 xviij.
1281 2585 1395 2634 hm*

222 2703 428 2770 denariorum
453 2724 527 2766 cum
551 2702 645 2767 toftis
668 2707 703 2767 et
725 2703 837 2768 croftis
866 2704 902 2767 in
925 2704 958 2768 N
961 2704 1198 2783 ortbburtona3
1221 2705 1271 2770 ita

221 2811 262 2871 ut
282 2827 342 2891 pro
364 2802 460 2869 dictis
482 2802 579 2868 terris
603 2803 741 2868 diversis
775 2804 917 2870 dominis
951 2806 1053 2891 ipsius
1083 2813 1179 2874 terrae
1200 2807 1270 2893 viij.

223 2908 345 2973 solidos
367 2907 542 2971 annuatim
570 2905 787 2971 redderemus.
835 2907 918 2987 Qua
941 2911 1064 2974 terrae⁴
1085 2916 1200 2996 postea
1228 2912 1271 2976 ad

223 3010 310 3075 feodi
332 3009 462 3073 firmam
495 3013 641 3094 tempore
664 3006 833 3072 Michaelis
862 3009 993 3075 abbatis
1016 3017 1037 3077 8
1060 3012 1273 3079 dimitteban-

227 3118 290 3177 tur.
352 3111 417 3175 Hic
451 3115 563 3175 autem
598 3110 758 3175 Ricardus
792 3111 895 3176 abbas
927 3112 978 3182 7¹¹⁸
1015 3119 1136 3179 terram
1174 3137 1273 3201 quam
1285 3139 1439 3205 Mydeltona

225 3212 401 3277 habuimus
425 3212 461 3275 in
489 3211 682 3296 Mydeltona
716 3212 846 3276 cuidam
869 3215 912 3278 ad
934 3215 1022 3280 feodi
1055 3217 1184 3283 firmem
1213 3241 1272 3305 pro

225 3338 256 3380 x.
288 3315 401 3380 solidis
432 3315 552 3378 annuis
575 3314 723 3380 tradidit.
784 3315 850 3380 Sed
872 3317 951 3401 quia
983 3324 1130 3406 tempore
1162 3344 1272 3408 proce·
1383 3316 1395 3340 ⁰

223 3418 323 3482 dente
352 3415 503 3481 redditus
537 3415 593 3480 ille
623 3438 753 3481 annuus
784 3439 815 3482 x.
848 3418 1027 3484 solidorum
1050 3422 1184 3488 omnino
1206 3447 1273 3490 ces·

107 3512 110 3517 ’
225 3520 435 3597 emitterre
468 3518 526 3582 illa
559 3517 639 3604 per³
673 3518 875 3585 Willelmum
898 3521 1053 3588 abbatem
1087 3528 1127 3589 18
1158 3533 1273 3612 postea

226 3623 292 3687 fuit
326 3626 524 3706 recuperata
573 3619 756 3706 Dictusque
789 3622 891 3687 abbas
907 3708 910 3714 Ι
925 3624 1084 3692 Ricardus
1115 3629 1274 3695 concessit
1286 3648 1403 3699 quena

228 3724 373 3789 Roberto
409 3722 479 3787 filio
502 3721 660 3786 Willelmi
683 3723 790 3789 cleriei
822 3724 863 3789 de
895 3725 1141 3794 Northdaltona
1163 3737 1197 3796 et
1219 3732 1274 3797 he-

130 3840 137 3855 ·
226 3826 360 3892 redibus
382 3825 450 3890 suis
472 3846 576 3889 unum
603 3825 727 3890 toftum
758 3848 833 3891 eum
864 3827 1012 3894 aedificiis
1034 3831 1071 3895 in
1094 3831 1276 3900 Nortbdal-

226 3936 316 4008 tona,
332 3949 391 4014 pro
407 3927 560 4013 homagio
576 3948 642 4005 suo,
660 3934 695 3992 et
710 3928 841 3994 duobus
855 3929 968 3995 solidis
983 3933 1077 3998 nobis
1100 3937 1275 4003 annuatim

228 4030 413 4097 reddendis.
460 4028 557 4108 Quod
590 4030 723 4116 quidem
756 4029 876 4096 toftum
906 4032 1000 4098 nobis
1032 4043 1147 4120 postea
1167 4039 1276 4105 fuerat
1407 4029 1414 4040 ’

228 4133 429 4198 restitutum.
477 4130 542 4196 Sed
574 4138 609 4196 et
644 4130 804 4197 Ricardus
835 4134 876 4199 de
908 4133 1066 4221 Barvylia
1097 4160 1155 4204 sex
1185 4162 1276 4207 acras

199 4266 213 4287 ⁴
228 4242 325 4302 terrae
347 4233 473 4298 ibidem
496 4233 592 4298 nobis
614 4234 858 4322 imperpetuum
879 4237 1086 4306 concedebat.

262 4492 440 4547 'Asterdedit
449 4493 528 4544 insert
539 4493 620 4553 nobis.
631 4495 661 4545 P.
811 4498 921 4565 *ιιι-τω]
940 4501 1034 4561 omnis,
1045 4501 1076 4552 P.

262 4578 272 4607 ¹
287 4574 429 4640 lohannes]
448 4573 635 4638 Johannesque
647 4574 678 4623 P.
811 4578 821 4606 ⁸
838 4576 966 4644 Asterper
976 4579 1055 4630 insert
1065 4581 1203 4646 dominum,
1214 4586 1245 4636 P.

262 4659 272 4687 ³
288 4655 363 4706 Aster
378 4651 500 4704 Waltem
511 4652 589 4704 insert
599 4654 682 4714 etiam,
695 4653 725 4706 P.
