3232 5692
494 768 670 822 moranus
691 770 798 822 sanas
821 774 995 825 snrrnrvs.
1195 763 1257 827 421

215 947 313 1011 terrae
347 949 382 1010 et
412 946 558 1012 olausum
592 947 688 1013 nobis
721 949 923 1028 remittebat,
957 954 997 1015 ut
1030 950 1074 1014 od
1111 949 1259 1037 proprios
1270 971 1339 1025 Μ),
1355 981 1414 1029 1221

169 1096 172 1103 .
215 1068 294 1112 usus
328 1069 367 1113 ea
401 1050 642 1137 imperpetuum
677 1056 872 1116 teneremus
938 1051 1108 1117 Amfridus
1128 1047 1361 1139 qnoque·¹2³⁵·

214 1148 303 1214 filius
324 1150 483 1216 Willelmi
516 1153 547 1217 le
570 1152 678 1217 Noble
712 1152 752 1218 de
784 1147 998 1241 Syglestorne
1020 1154 1115 1220 dedit
1153 1153 1258 1231 nobis,

214 1251 257 1316 ad
279 1255 554 1319 sustentationem
577 1255 794 1341 eleemosynae
821 1261 936 1343 portae,
959 1256 1084 1322 soilieet
1105 1257 1149 1322 ad
1171 1256 1255 1323 aleo¹
1268 1273 1357 1326 essa.

214 1356 388 1421 emendum
404 1362 438 1422 et
452 1358 650 1445 pauperibus
673 1358 945 1436 distribuendum,
968 1379 1072 1423 unum
1094 1359 1382 1439 elausum3A1msst

214 1461 257 1534 et,
279 1460 323 1523 od
345 1480 491 1525 annuam
523 1461 703 1547 pitanciam
734 1461 912 1526 conventui
938 1460 1132 1542 faciendam,
1154 1483 1255 1527 unam
1267 1445 1398 1565 magutsu

212 1561 367 1626 bovatam
389 1568 486 1629 terrae
509 1585 583 1628 cum
605 1585 672 1630 uno
695 1563 779 1629 tofto
794 1565 830 1629 in
844 1564 957 1629 eodem
972 1563 1068 1646 villa;
1090 1563 1256 1630 reddendo
1267 1527 1416 1643 ideireo?

212 1663 349 1749 prsefato
381 1662 527 1730 Waltero
559 1666 599 1732 de
634 1666 772 1753 Spineto
803 1672 838 1731 et
870 1666 1045 1732 heredibus
1078 1666 1145 1731 suis
1175 1666 1257 1731 duos

211 1767 330 1833 solidos
352 1769 526 1833 annuatim
538 1792 546 1847 ;
581 1790 678 1854 quern
708 1768 875 1834 redditum
900 1767 986 1833 idem
1009 1768 1176 1833 Walterus
1197 1789 1256 1834 no·
1307 1809 1308 1812 =

211 1869 261 1933 bis
283 1872 524 1957 imperpetuum
547 1871 754 1936 condonavit.
801 1870 867 1936 Sed
885 1876 919 1935 et
935 1869 1091 1956 magister
1110 1871 1256 1957 Rogems

125 1990 133 2008 ·
211 1973 252 2037 de
276 1973 488 2052 Richemond,
515 1973 689 2039 eanonicus
716 1973 858 2039 eoelesiae
887 1972 1139 2051 Beverlaoensis,
1163 1972 1256 2038 dedit

211 2074 305 2140 nobis
338 2075 437 2139 aliam
471 2075 629 2141 bovatam
667 2081 764 2141 terras
798 2079 831 2139 et
865 2073 957 2138 aliud
992 2075 1147 2153 clausum,
1180 2096 1254 2160 quse
1390 2093 1400 2113 ¹*

209 2178 293 2242 emit
315 2177 356 2242 de
378 2178 525 2264 praefatis
547 2177 700 2242 Amfrido
723 2181 757 2242 et
779 2177 924 2241 Waltero
948 2176 988 2241 de
1010 2177 1155 2263 Spineto.
1205 2177 1417 2314 Atffliim

109 2334 114 2345 .
209 2280 279 2365 ipse
300 2278 466 2345 Walterus
489 2279 582 2344 dedit
604 2279 699 2344 nobis
714 2279 780 2345 duo
796 2280 905 2345 clausa
926 2277 1073 2357 ibidem?
1097 2285 1131 2345 et
1145 2285 1254 2346 totum
1265 2320 1371 2370 rolland

209 2380 396 2447 theloneum
415 2403 519 2460 sunm,
535 2388 570 2447 et
591 2382 789 2447 bordtollam
812 2381 856 2445 ed
877 2402 977 2460 mare,
993 2381 1064 2447 eine
1086 2381 1154 2447 ullo
1169 2388 1254 2449 rete·
1266 2387 1397 2438 moden.

209 2489 374 2566 nomento,
388 2485 477 2571 quod
499 2484 542 2549 ad
565 2489 782 2550 enteoessores
796 2502 872 2548 suos
894 2488 978 2548 etse
1000 2483 1190 2571 pertinebat
1211 2485 1254 2550 ad

207 2606 297 2651 mare
320 2586 361 2652 de
384 2577 605 2666 Hornsebek3
628 2587 677 2651 itu
698 2586 796 2673 plane
819 2585 906 2672 quod
929 2590 1038 2650 totum
1059 2588 1254 2674 praedictum
1265 2598 1400 2650 Provision

207 2687 396 2753 theloneum
423 2694 458 2753 et
483 2688 649 2753 bordtolla
672 2684 780 2753 essent
811 2688 854 2752 ad
884 2687 1064 2773 hospitium
1094 2694 1254 2769 nostrum,
1264 2665 1407 2796 {mm

207 2791 351 2878 exeeptis
388 2790 528 2877 propriis
562 2790 704 2856 navibus
735 2789 867 2869 nostris,
900 2811 1040 2875 quarum
1062 2791 1252 2857 theloneum

206 2893 249 2958 od
271 2916 353 2980 opus
375 2899 558 2959 conventus
579 2893 686 2957 nostri
709 2892 899 2978 assignavit.
953 2891 1157 2958 Tholoneum
1180 2895 1252 2981 qui·

207 2996 281 3061 dem
308 3002 358 3061 est
392 2997 432 3061 de
455 2995 608 3060 omnibus
635 2993 861 3071 merehendiis,
886 2998 921 3058 et
942 2992 1108 3059 bordtolla
1134 3001 1184 3062 eet
1211 2998 1252 3063 de

207 3097 354 3184 qualibet
368 3120 454 3163 nave
480 3098 522 3163 ad
544 3098 625 3162 litus
644 3096 829 3184 applioante
844 3099 985 3181 quatuor
1007 3096 1141 3163 denarii.
1186 3098 1253 3166 Sed
1264 3115 1381 3183 nightto

109 3221 113 3229 ’
207 3206 319 3266 tamen
342 3205 523 3287 proventus
545 3199 739 3286 hujusmodi
755 3198 879 3263 ibidem
895 3219 962 3263 non
984 3199 1153 3279 habemns,
1167 3185 1329 3288 prae-‘⁰¹¹⁵

208 3302 322 3367 sertim
355 3323 430 3368 eum
470 3324 584 3368 omnes
629 3300 819 3387 hujusmodi
852 3305 1032 3386 proventus
1065 3324 1107 3366 ex
1129 3302 1253 3370 boreali

205 3410 299 3490 parte
335 3404 434 3470 rivuli
465 3405 597 3480 ibidem,
632 3403 741 3468 vocati
767 3403 798 3467 le
826 3402 907 3479 Bek,
940 3403 984 3467 ad
1011 3402 1193 3469 dominium
1216 3411 1251 3472 et

205 3507 395 3574 libertatem
417 3508 507 3574 villas
539 3508 580 3572 de
608 3507 748 3583 Hordea,
772 3511 806 3570 et
828 3526 871 3571 ex
893 3507 1029 3571 australi
1051 3513 1145 3593 perte
1168 3509 1249 3575 dieti

205 3611 306 3696 rivuli
321 3612 435 3697 apud³
457 3611 537 3676 litus
561 3611 601 3676 de
625 3610 782 3687 Burtons‚
796 3609 839 3674 ad
854 3608 1022 3674 dominum
1045 3609 1087 3675 de
1110 3611 1251 3678 Holder·

204 3717 317 3783 nesse‘
340 3723 515 3783 noscantur
530 3717 702 3805 pertinere.
740 3715 842 3781 Dedit
863 3715 951 3780 idern
966 3716 1133 3783 Walterne
1155 3719 1249 3786 nobis
1262 3705 1405 3791 araneis

204 3819 405 3884 Willelmum
439 3817 630 3905 Whytmay,
664 3818 815 3884 nativum
848 3838 953 3894 suum,
984 3840 1058 3883 oum
1089 3825 1166 3886 tota
1198 3805 1393 3889 mmm·

203 3923 299 4008 quela
321 3944 388 3988 sua
434 3920 552 3988 Idem⁶
573 3927 685 3986 autem
707 3919 808 3985 abbas
830 3919 989 3985 Rieardus
1012 3923 1169 3989 concessit
1186 3923 1249 3990 ad⁰

202 4024 289 4089 feodi
310 4024 438 4089 firmem
461 4024 591 4090 cuidam
614 4021 789 4088 Vinoenoio
811 4021 880 4087 fllio
904 4021 1036 4087 Rioardi
1059 4024 1100 4089 de
1122 4024 1247 4112 Mapel·

201 4124 305 4191 tona⁷
327 4126 537 4192 medietatem
553 4125 652 4191 unius
673 4124 773 4190 eleusi
789 4123 877 4209 quod
898 4123 1073 4191 habuimus
1096 4126 1137 4192 de
1159 4128 1246 4194 dioto

237 4356 327 4423 ηιια]
347 4356 515 4408 aleaume.
779 4351 888 4417 Ἰὼ]
908 4350 967 4413 Qui,
979 4352 1009 4403 P·
1047 4347 1056 4365 ⁸

235 4435 362 4502 'itidem]
380 4436 408 4486 in
420 4437 508 4488 eadem
519 4435 588 4499 vilia,
600 4434 629 4486 Ρ.
779 4487 789 4513 ο
806 4442 869 4534 A‘ste
892 4482 945 4533 ad.

236 4516 342 4584 ,affl
362 4517 443 4579 Νη·
869 4498 882 4532 1·
937 4491 1017 4535 insert
1029 4490 1223 4551 perpetnsm‚P.

237 4596 368 4648 ⁴011...
387 4594 561 4664 Holderame]
588 4598 701 4664 wanting
780 4601 963 4668 ’Mopdtond
983 4602 1152 4668 Mappletona,
1164 4602 1193 4655 P.

203 4676 271 4728 inP.
