3232 5692
499 832 713 887 nummus
734 831 841 886 husus
863 830 1027 893 QUARTUS
1224 823 1286 888 291

239 1014 472 1098 praeceperunt,
494 1015 530 1076 et
555 1033 668 1077 eorum
702 1009 852 1076 custodes
885 1009 929 1075 od
963 1009 1024 1074 hoc
1040 1007 1155 1096 jurare
1177 1019 1368 1094 wege-M).
1383 1028 1445 1078 1197

237 1117 323 1179 runt
385 1112 485 1180 Unde
518 1112 725 1180 adversarii¹
764 1112 872 1180 nostri
908 1111 1032 1178 ibidem
1069 1110 1287 1197 quodcunque
1302 1092 1389 1140 '¹²¹⁰'

237 1219 390 1300 poterant
411 1237 471 1302 pro
500 1214 601 1283 libitu
631 1215 840 1304 diripiebant
885 1213 1010 1281 Domos
1032 1213 1143 1300 otiam
1166 1212 1288 1278 molen·

237 1316 352 1383 dinum
373 1318 518 1397 scilicet,
540 1340 698 1408 magnum
729 1317 908 1405 pistrinum
940 1321 975 1383 et
1008 1314 1162 1382 horreum
1183 1337 1287 1381 unum

237 1420 426 1508 pergrande,
450 1421 634 1509 etreliqua
666 1421 806 1489 aedificio
836 1419 990 1486 similiter
1011 1423 1288 1507 asportaveruut;

236 1522 277 1588 do
310 1523 430 1609 quibus
463 1523 576 1590 domos
598 1523 749 1611 praedicti
780 1523 919 1590 Roberti
947 1522 1037 1609 apud
1067 1520 1288 1609 Byrdsuiliam

236 1629 499 1693 coustmxerunt.
544 1625 706 1693 Praefatus
739 1625 876 1692 tandem
911 1624 1077 1691 Robertus
1109 1623 1189 1689 indo
1210 1627 1286 1710 post
1299 1632 1453 1688 Badation

236 1726 415 1807 biennium,
437 1733 514 1816 post
539 1728 668 1795 obitum
702 1727 859 1794 videlicet
888 1727 976 1815 regis
1006 1726 1149 1804 Ricardi
1171 1702 1439 1837 fflipi'fflgeuy

235 1851 334 1910 scens,
357 1835 392 1897 et
414 1831 580 1918 poeniteus
612 1831 702 1918 qnod
731 1835 829 1897 tanta
858 1831 947 1895 mala
977 1828 1073 1894 nobis
1094 1827 1392 1911 intulisset‚²R0bert

235 1933 319 1998 nihil
341 1933 382 1999 ds
402 1934 499 2001 nobis
521 1935 666 2022 exigens,
688 1934 795 2022 ipsam
826 1933 999 2021 grangiam
1021 1932 1117 1998 nobis
1140 1901 1457 2019 sponteffhmhffi·

233 2035 381 2102 reddidit
411 2041 446 2103 et
477 2038 624 2125 quietam
645 2037 809 2104 clamavit
856 2035 958 2102 Unde
987 2038 1022 2101 et
1051 2033 1283 2122 cirographum

234 2138 357 2206 factum
374 2145 426 2206 est
447 2140 537 2206 inter
558 2162 619 2205 nos
641 2144 676 2206 et
697 2139 807 2227 ipsum
825 2138 1008 2222 Robertum
1030 2158 1069 2202 oc
1090 2137 1114 2202 J
1115 2136 1281 2202 channam

234 2262 370 2308 uxorem
392 2264 494 2321 suam,
517 2243 553 2307 in
575 2242 667 2308 curia
688 2241 814 2308 domini
847 2241 935 2329 regis
965 2238 1053 2327 apud
1077 2239 1281 2327 Northamp-

233 2345 368 2424 tunium,
392 2366 479 2410 anno
512 2345 598 2432 regis
631 2344 795 2410 Johaunis
823 2343 938 2430 primo.
985 2341 1191 2429 Quapropter
1220 2363 1282 2407 nos

233 2448 447 2513 concessimus
469 2447 576 2513 eidem
600 2447 748 2514 Roberto
777 2445 874 2534 quod,
896 2445 925 2511 si
947 2443 1100 2510 heredem
1130 2443 1282 2510 habuerit

193 2570 197 2580 ¹
234 2569 275 2614 ex
297 2550 454 2642 predicta
476 2550 633 2615 Johanna
654 2571 758 2615 uxore
780 2571 848 2628 sua,
862 2551 907 2614 -et
936 2547 1005 2634 ipss
1035 2546 1201 2612 Robertus
1222 2567 1284 2612 vo·

233 2648 333 2716 luerit
353 2650 546 2738 praedictam
579 2657 703 2718 terram
736 2673 811 2718 cum
844 2649 1056 2738 pertinentiis
1078 2648 1284 2726 escambium,

234 2752 328 2818 daret
350 2753 446 2820 nobis
478 2777 539 2842 pro
571 2754 730 2841 praedicta
760 2758 851 2820 terra
872 2752 995 2840 viginti
1024 2751 1161 2817 libratas
1176 2757 1282 2830 terrm,

233 2854 274 2921 de
307 2855 491 2922 hereditate
513 2856 685 2922 Willielmi
719 2855 872 2935 Fossurd,
894 2856 952 2919 in⁴
979 2853 1050 2920 loco
1084 2854 1284 2941 competenti

232 2957 352 3024 sibiet
385 2959 488 3024 nobis
535 2959 586 3025 De
620 2959 750 3025 damnis
780 2963 893 3024 autem
923 2956 1019 3022 nobis
1049 2955 1152 3022 illatis
1175 2956 1284 3021 dictus

233 3060 419 3126 Robertus⁶
433 3060 517 3125 nihil
532 3062 610 3149 egit,
627 3061 780 3149 quamvis
801 3081 862 3126 nos
883 3061 920 3125 in
942 3057 1094 3147 pluribus
1108 3059 1283 3125 fuissemus
1294 3050 1312 3103 f.
1324 3051 1388 3104 2⁹⁶·

232 3159 458 3229 damnificati⁰
502 3161 554 3229 De
576 3164 650 3228 aliis
672 3168 784 3229 autem
806 3163 906 3228 terris
927 3161 1096 3248 acquisitis
1114 3162 1150 3226 in
1165 3162 1283 3227 Whar-

231 3286 332 3346 roma,
348 3268 383 3330 et
404 3264 445 3330 de
468 3266 645 3332 vexatione
666 3271 781 3331 nostra
802 3286 900 3331 causa
922 3264 1125 3330 decimarum
1146 3262 1280 3343 ibidem,

232 3368 268 3431 iu
290 3390 349 3433 suo
371 3367 486 3433 ordine
508 3371 623 3454 postea
644 3367 811 3434 referetur.
857 3367 940 3434 Haec
961 3367 1037 3432 ideo
1063 3366 1174 3431 insui
1196 3369 1280 3431 tem-

232 3468 343 3556 poris⁷
358 3469 457 3536 initio
478 3470 613 3552 inserui,
628 3471 707 3558 quio
728 3471 801 3558 ipso
822 3469 1022 3558 principium
1036 3467 1135 3554 hujus
1150 3467 1282 3534 abbatis

102 3662 120 3687 ε
232 3571 416 3637 Alexandri
437 3572 630 3640 extitemmt.

266 3898 514 3968 'Undecima-caria]
522 3899 660 3952 adversarii
669 3898 733 3961 idco,
808 3897 908 3949 'dictus
918 3897 1054 3966 Rotertm]
1067 3897 1261 3965 munginP.
1298 3943 1302 3949 .

256 4021 263 4034 .
808 3979 1212 4042 'Asterdomnificatiinrert,ex
1223 3977 1280 4044 qui·

265 4060 418 4128 'introduced
431 4061 573 4128 irrogasset,
585 4059 616 4111 P.
775 4061 822 4110 bus
833 4059 877 4110 ille
893 4060 994 4110 nullum
1009 4059 1051 4109 vel
1067 4074 1173 4123 parvum
1190 4073 1277 4109 couse-

266 4143 382 4209 ἐροηα]
396 4150 532 4207 spontanea
542 4141 680 4204 voluntate,
691 4138 721 4191 P.
775 4146 848 4189 cutus
858 4144 898 4191 est
907 4139 1112 4200 emolumentum,
1123 4139 1153 4189 P.

266 4223 327 4288 1ὑι]
340 4221 533 4289 wmtingiuP.
808 4220 874 4270 'ni
885 4219 1010 4285 temporis]
1027 4217 1181 4284 anteportis,
1192 4218 1222 4269 P.

232 3982 255 4034 P
