3232 5692
392 777 456 841 194
647 791 829 840 ramerus
851 788 958 839 sasas
980 789 1166 840 emanans

221 967 290 1018 nn
307 973 378 1021 nto.
390 961 460 1025 ensi
482 967 517 1026 et
539 900 763 1029 Sarisbiriensi
786 963 1020 1042 informatione
1043 969 1136 1050 perte
1163 962 1247 1049 regn's
1273 958 1426 1026 denunti-

222 1047 364 1178 diff
388 1062 510 1129 abant¹
535 1066 605 1130 ut
596 1087 683 1152 1psos
705 1066 870 1154 episcopos
890 1087 1062 1153 campenses
1077 1071 1111 1131 et
1128 1061 1426 1130 excommunicatos

388 1164 555 1232 absolvere
584 1166 727 1248 deberet,
750 1189 810 1254 pro
832 1189 870 1233 eo
891 1167 1011 1253 quod
1001 1188 1038 1231 m
1059 1167 1183 1254 regiam
1210 1164 1368 1251 injuriam
1389 1167 1425 1226 ct

388 1267 587 1334 eversionem
609 1269 884 1336 consuetudinum
907 1269 1000 1356 regni
1021 1269 1188 1335 sententia
1215 1268 1329 1332 ineos
1351 1284 1427 1351 pro·

387 1367 458 1434 lata
471 1370 691 1437 redundaret·
683 1392 771 1458 ,quo
786 1372 1005 1458 respondente
1019 1393 1115 1437 suum
1129 1392 1198 1437 non
1212 1392 1280 1436 esse
1295 1372 1427 1434 senten·

387 1471 469 1536 tiam
501 1472 634 1554 solvere,
657 1494 731 1560 quae
752 1497 772 1538 a
793 1495 921 1540 summo
950 1474 1105 1591 pontifice
1135 1472 1314 1549 emanavit,
1346 1467 1427 1535 dicti

222 1568 372 1636 Theysom.
387 1574 648 1662 archiepiscopus
662 1573 927 1642 Eboraeensiset
912 1576 1084 1664 tepiseopi
1100 1574 1169 1660 ejus
1184 1595 1337 1662 responso
1352 1571 1427 1636 irri-

221 1636 361 1818 hlssigwffi
361 1657 483 1741 etati
473 1698 509 1741 m
532 1677 769 1744 Normanniam
791 1699 901 1796 regem
925 1678 1085 1753 adierunt,
1110 1677 1150 1742 de
1183 1674 1426 1761 archiepiscopo

389 1777 475 1845 (iant
460 1779 617 1846 tuariensi
640 1780 884 1866 conquesturis
875 1802 946 1866 ipso
967 1779 1208 1896 archiepiscopo
1231 1775 1427 1843 Eboracensi

386 1881 603 1966 promittente
637 1904 670 1949 se
704 1888 777 1949 octo
810 1881 915 1947 millia
943 1880 1086 1948 libras
1077 1902 1113 1946 m
1146 1880 1424 1966 arehiepiscopum

386 1981 658 2052 Oantuariensem
681 2005 909 2072 expensurum.

386 2326 463 2394 Osa.
489 2326 579 2393 XIV.
607 2327 653 2392 De
675 2325 844 2412 martyrio
866 2323 986 2392 Sonecti
1003 2322 1134 2391 ihoraoe
1162 2320 1425 2392 oontecriema

784 2426 1035 2515 archicpiscopi.

219 2612 372 2666 eoeketror-
430 2606 562 2673 Interea
584 2608 717 2694 quidem
740 2606 1000 2694 archiepiscopus
1017 2605 1265 2674 Oantuariensis
1287 2627 1424 2694 pergens

218 2680 326 2798 ξοωέξζ,
384 2710 579 2789 Londonias,
606 2711 771 2796 juniorem
803 2731 912 2798 regem
943 2708 1136 2774 alumnum⁹
1159 2731 1254 2774 suum
1284 2709 1425 2774 invisere

219 2814 331 2866 Icaron.
381 2811 504 2892 volens,
519 2813 556 2877 in
570 2811 758 2878 itinerando
772 2816 868 2877 extra
882 2819 993 2899 portes
1009 2811 1253 2876 londoniarum
1268 2834 1289 2876 a
1303 2813 1421 2876 nuntio

383 2913 468 3002 regis
506 2913 690 3001 prohibitus
721 2920 772 2979 est
803 2913 942 2979 ulterius
975 2912 1154 3000 procedere,
1177 2933 1238 2978 nec
1260 2912 1420 2990 civitates,

382 3015 489 3104 regias
504 3015 610 3096 villas,
633 3015 686 3081 vel
709 3015 854 3103 oppida⁸
877 3015 1016 3081 ulterius
1030 3015 1263 3103 ingrederetur.
1308 3015 1423 3080 Admi-

381 3124 473 3183 ratus
503 3118 762 3205 archiepiscopus
792 3118 911 3183 nuntio
941 3117 1164 3203 hujuscemodi
1194 3117 1237 3182 ad
1259 3117 1424 3204 propriam

216 3217 369 3272 fleexoom-
382 3220 551 3286 ecclesiam
573 3227 623 3286 est
644 3241 803 3286 reversus
851 3220 930 3297 Ubi,
953 3241 1042 3285 sacro
1072 3219 1125 3285 die
1148 3221 1335 3285 nativitatis
1358 3220 1423 3284 Do·

216 3287 354 3406 ffiffif'
382 3323 472 3401 mini,
487 3345 633 3389 sermone
656 3323 753 3389 finito
767 3323 810 3387 ad
824 3321 1015 3409 populum,'
1007 3343 1172 3388 mvasores
1187 3325 1425 3409 posscssionum

216 3419 347 3540 fflffh
383 3446 515 3491 suarum
545 3426 733 3491 nominatos
766 3424 925 3510 quosdam
960 3425 1266 3506 excommunicavit,
1300 3433 1334 3491 et
1372 3425 1424 3491 eui

276 3502 308 3538 ω
382 3528 552 3594 sententiaa
596 3526 737 3615 episcopi
781 3527 986 3613 subjacerent
1029 3526 1160 3614 populis
1204 3527 1424 3593 denuntiavit

216 3633 325 3703 nenrys
381 3629 649 3716 Arehiepiscopus
682 3634 793 3694 autem
816 3628 1096 3695 Eboracensist
1062 3635 1096 3695 et
1126 3629 1183 3694 alii
1210 3631 1359 3717 episcopi,
1384 3634 1423 3693 ut

214 3703 309 3819 λέξῃ
381 3732 573 3817 preadictum
605 3736 664 3809 cst,
694 3752 800 3818 regem
833 3732 1000 3809 adeuntes,
1031 3737 1249 3818 proponentes
1281 3730 1424 3816 qualiter

213 3835 313 3899 agana
328 3833 499 3900 thefecerat
520 3856 594 3900 cum
617 3834 664 3899 eis
685 3833 944 3920 archiepiscopus
976 3834 1233 3912 cantuariensis,
1256 3835 1316 3898 hoc
1339 3833 1423 3918 adJ'i-
1435 3851 1483 3900 mr.
1497 3851 1580 3904 Gan.

214 3901 361 4022 ffikssffi
380 3934 481 4016 ciunt,
504 3936 611 4022 ipsum
634 3934 910 4023 archiepiscopum
934 3944 1045 4016 aliquid
1063 3943 1158 4016 majus
1185 3944 1279 4000 adhuc
1304 3944 1421 4008 audere,
1435 3917 1592 4038 M{⁸¹¹⁰‘⁰¹⁰·

213 4036 342 4090 conarere
379 4058 439 4103 nee
454 4038 582 4103 eederet
583 4037 710 4118 ,donec
725 4059 860 4103 manum
874 4037 1098 4104 extenderet
1089 4059 1126 4101 ιιι
1148 4058 1267 4124 regem,
1289 4045 1314 4101 si
1327 4045 1422 4116 ipsam

379 4165 429 4203 rex
447 4153 578 4218 portaret
602 4147 747 4219 patienter
765 4149 1032 4220 praeumptionem.
1088 4137 1289 4227 Hujusmodi
1319 4138 1424 4225 igitur

378 4239 475 4304 dietis
504 4267 565 4315 ror,
584 4249 667 4304 velut
692 4267 791 4305 amens
823 4250 944 4306 effoetus
966 4245 1001 4307 et
1023 4250 1139 4307 nescius
1165 4249 1243 4323 quod
1270 4247 1420 4319 objiceret,

378 4341 440 4397 huso
458 4343 571 4398 iteratis
589 4341 704 4398 vicibus
722 4341 830 4398 dinsse
848 4344 951 4409 fertur,
973 4343 1117 4401 “Inertes
1144 4361 1178 4400 ae
1203 4343 1325 4398 miseros
1351 4360 1421 4397 enu-

377 4426 448 4483 trivi
466 4432 497 4482 et
514 4425 592 4481 erexi
617 4426 646 4480 in
671 4443 764 4497 regno
782 4444 856 4492 meo,
876 4432 907 4484 et
924 4426 976 4498 qui
993 4427 1081 4483 iidem
1104 4446 1162 4485 non
1180 4428 1279 4484 ierunt
1303 4426 1421 4482 domino

512 4560 580 4568 ...--
600 4562 606 4567 .
626 4562 664 4567 ...
708 4562 723 4568 ι.
750 4561 1009 4569 ————--—·—-——

411 4632 622 4699 *deramatam
692 4635 876 4693 denuntiantes,
956 4633 1116 4701 Ι’(ιὶιιιιιιιιιιιι]
1136 4635 1288 4701 alumpnum,
1300 4633 1356 4685 MS.

376 4712 431 4764 MS.
957 4715 966 4744 ⁸
983 4711 1087 4780 oppidu]
1107 4713 1190 4778 opida,
1200 4712 1256 4767 ΜΒ.
