3232 5692
336 749 401 812 216
596 762 782 814 ammones
804 761 912 814 nuans
933 762 1122 815 secaneos

167 939 239 992 Δ.Ι).
253 945 317 991 1154
336 936 406 1001 Sed,
425 953 497 1009 rege
515 937 645 993 Henrieo
664 939 777 993 seniore
797 938 904 995 Sancte
929 938 1053 1011 martyri
1079 938 1199 995 Thomas
1221 952 1275 1010 per
1292 937 1386 1009 poeni·

168 1012 260 1060 4¹⁸⁴·
336 1021 458 1077 tentiam
484 1021 680 1088 reconciliato,
700 1023 755 1078 filii
782 1023 828 1078 sui
853 1029 883 1078 et
906 1040 958 1077 rex
982 1023 1115 1078 Francia
1140 1040 1159 1077 a
1182 1021 1387 1095 perseeutione

336 1111 498 1162 cessarunt.
536 1106 599 1162 Rex
624 1106 733 1162 Scocim
758 1106 836 1179 apud
852 1106 995 1178 Alnewyk
1018 1114 1049 1163 et
1071 1106 1192 1163 comites
1216 1106 1253 1162 de
1270 1106 1389 1163 Gestsia
1423 1134 1429 1145 ·

337 1196 368 1245 et
397 1189 568 1262 Iseyeostn'a
597 1191 668 1246 alibi
698 1192 777 1262 capti
807 1191 934 1247 fuerunt.
983 1190 1163 1246 Willielmns
1192 1207 1244 1246 rex
1275 1190 1387 1247 Seoeiae

337 1274 455 1330 devenit
471 1275 558 1330 homo
575 1275 673 1347 logias
691 1276 771 1345 regis
783 1274 910 1347 Augias,
925 1281 955 1329 et
972 1274 1053 1330 dedit
1070 1275 1098 1329 oi
1115 1292 1169 1346 pro
1185 1273 1387 1347 redemptione

340 1376 394 1414 sna
437 1358 691 1421 Nerthumbriam,
728 1357 947 1414 Wostmerland
990 1363 1021 1412 et
1056 1357 1260 1423 Oomberland,
1298 1359 1387 1430 eique

171 1465 267 1518 qm
337 1442 508 1513 homagium
534 1442 613 1498 fecit.
652 1442 688 1497 In
715 1448 849 1516 temporo
874 1448 970 1497 antem
1001 1441 1073 1497 dieti
1100 1441 1214 1497 abbatis
1243 1440 1386 1515 Philippi,

169 1534 236 1583 from
336 1524 416 1581 idem
441 1544 493 1582 rex
516 1526 666 1582 Henrieus
691 1526 788 1582 senior
806 1525 1026 1581 conventionem
1051 1542 1117 1595 quaa
1135 1525 1212 1581 faeta
1229 1525 1287 1581 fuit
1309 1526 1387 1581 inter

170 1598 304 1665 ΗΘΜ
337 1611 531 1667 Willielmnm
558 1611 587 1666 ie
613 1610 706 1667 Groos
733 1610 870 1666 comitem
894 1608 1092 1673 Albemarliee,
1111 1609 1296 1664 fundatorem
1320 1627 1387 1665 nos·

171 1715 189 1768 ς,
201 1720 242 1767 24.
338 1704 428 1765 timu,
448 1702 478 1752 et
496 1697 659 1752 «Iohannem
679 1695 715 1751 de
732 1695 836 1759 Melea,
850 1694 887 1749 de
905 1692 1051 1749 escambio
1069 1693 1105 1748 de
1117 1693 1212 1749 Melea
1223 1698 1254 1749 et
1264 1693 1385 1764 Bewyk,

339 1789 370 1838 et
387 1787 481 1837 terras
500 1781 531 1835 in
549 1780 733 1844 Wharroma,
753 1778 884 1834 Wontria
900 1783 931 1834 et
948 1777 1200 1842 Blannchemarle,
1220 1777 1303 1832 nobis
1322 1795 1387 1833 eon-

338 1864 483 1930 firmavit3
509 1864 593 1919 nobis
619 1864 697 1918 ultra
723 1861 882 1919 concedens
907 1861 985 1934 qnod
1010 1879 1073 1925 nos,
1100 1861 1241 1926 homines,
1261 1860 1331 1932 oqui
1358 1867 1389 1916 ot

339 1967 387 2005 res
405 1954 521 2011 nostra,
550 1948 587 2003 de
612 1947 750 2012 thelonio,
778 1944 916 2023 passagio
941 1953 972 2002 et
996 1945 1143 2017 pontagio,
1170 1951 1202 2001 et
1226 1945 1305 2000 omni
1330 1944 1389 2000 alia

339 2032 559 2097 cousuetudine,
580 2031 668 2086 liberi
685 2048 872 2095 maneamus3
893 2034 924 2084 at
941 2029 1020 2100 qnod
1037 2046 1089 2083 nos
1107 2028 1205 2085 curias
1224 2034 1338 2084 nostias
1356 2028 1388 2083 in

340 2118 475 2173 omnibus
494 2115 647 2172 dominicis
665 2115 754 2171 terris
772 2118 803 2169 et
819 2113 891 2168 loeis
908 2113 1027 2177 uostris,
1047 2130 1115 2167 cnm
1138 2112 1285 2168 universis
1304 2111 1388 2168 foris-

338 2201 461 2257 facturis
481 2199 674 2271 fugitivorum
691 2204 722 2254 et
740 2198 878 2262 felonum,
899 2204 1013 2252 etcum
1031 2194 1222 2267 infangtheof,
1242 2201 1273 2251 ot
1295 2196 1390 2252 assisa

338 2285 423 2356 panis
441 2290 472 2340 et
489 2283 632 2348 cervisia,
652 2287 682 2337 ot
703 2283 797 2337 libera
821 2281 1003 2336 ordinatione
1021 2280 1205 2344 ballivorum,
1220 2281 1389 2335 conestabu-

337 2369 444 2433 lornm,
464 2376 494 2422 et
512 2368 636 2423 aliorum
654 2365 857 2421 ministrorum
869 2370 1044 2429 nostrornm,
1059 2382 1126 2419 enm
1138 2364 1233 2419 libera
1246 2363 1388 2434 justifica·

338 2452 417 2509 tione
435 2458 466 2507 et
483 2451 652 2506 executione
670 2450 707 2504 ad
725 2450 877 2521 praemissa
889 2448 1097 2520 spectantibus,
1112 2453 1143 2503 et
1154 2448 1388 2503 amerciamentis

338 2543 370 2593 et
396 2535 590 2591 forisfacturis
620 2534 789 2600 eorundem,
820 2533 929 2604 ubique
954 2533 1031 2587 infra
1060 2538 1153 2587 metas
1180 2538 1326 2587 mnarum
1357 2538 1388 2589 et

337 2621 469 2675 iocorum
492 2623 659 2673 nostrornm
690 2617 781 2672 libere
811 2634 947 2671 exercere
977 2617 1137 2671 valeamus.
1188 2614 1286 2670 Judaei
1310 2615 1388 2689 apud

339 2702 528 2760 Gloverniam
545 2719 671 2774 puerum
690 2700 846 2772 quemdam
864 2698 1079 2763 erucifixerunt,
1098 2706 1129 2756 et
1146 2699 1237 2754 alium
1261 2717 1387 2772 puerum

337 2786 466 2843 nondum
484 2785 638 2841 dimidium
656 2801 763 2840 annum
781 2784 936 2840 habentem
954 2783 1032 2855 apud
1045 2783 1183 2839 Sanctum
1199 2783 1387 2839 Edmundum

338 2869 498 2926 crudeliter
526 2868 704 2924 occiderunt.
741 2867 827 2922 Anno
847 2868 882 2922 10
908 2868 989 2939 regis
1017 2866 1150 2932 Henrici,
1179 2866 1257 2923 cirea
1285 2867 1387 2923 heram

337 2954 473 3026 primam,
493 2952 551 3008 visi
569 2958 638 3008 suut
655 2953 686 3006 in
704 2952 778 3007 eoelo
796 2957 856 3007 tres
875 2952 978 3007 circuli
997 2957 1028 3007 et
1044 2951 1103 3006 duo
1127 2951 1221 3018 seles;
1251 2958 1281 3007 et
1300 2952 1388 3007 draeo

338 3038 421 3093 miras
439 3036 650 3108 magnitudinis
662 3036 744 3091 visus
763 3042 809 3091 est
826 3036 903 3108 apud
917 3036 1053 3092 Sanctam
1066 3035 1201 3091 Ositham
1220 3041 1279 3091 tam
1296 3054 1387 3109 prope

338 3127 447 3177 terram
474 3139 526 3193 per
554 3138 623 3177 aera
641 3120 721 3185 ferri,
742 3118 818 3192 quod
845 3138 880 3174 ex
909 3119 1003 3191 ipsius
1031 3120 1100 3190 igne
1125 3120 1229 3175 domus
1254 3120 1388 3191 quaedam

172 3225 312 3290 Dimomy
339 3205 498 3261 combustio
529 3209 606 3259 sunt.
655 3202 742 3258 Anno
772 3204 807 3258 23
837 3203 917 3273 regis
948 3203 1081 3268 Raurici,
1112 3221 1235 3275 corpora
1262 3203 1388 3259 Arthnri

172 3288 485 3361 ofbodiesofquondam
503 3288 584 3357 regis
603 3287 758 3343 Britennm
777 3294 807 3343 ot
824 3286 994 3343 Weneveraa
1006 3287 1105 3343 uxoris
1124 3306 1194 3353 sum,
1208 3286 1287 3359 apud
1305 3286 1389 3342 (ilas-

172 3359 328 3408 Afthumd
341 3374 460 3437 tonia1n‚
494 3373 570 3427 inter
605 3372 678 3427 duas
705 3372 836 3443 lapideas
862 3372 1022 3442 piramides
1052 3372 1084 3426 in
1117 3378 1217 3427 sancto
1242 3371 1390 3427 cimiterio

172 3425 329 3542 guffign·
341 3457 487 3528 quondam
505 3462 627 3513 erectas.
641 3455 785 3525 profundo
803 3455 833 3509 in
851 3460 931 3510 terra
948 3455 1065 3510 circiter
1084 3454 1118 3509 15
1136 3455 1260 3526 pedibus
1279 3473 1389 3525 quercu

172 3559 245 3622 bury,
340 3558 467 3595 concava
496 3539 655 3601 recondita,
682 3546 712 3593 et
742 3538 858 3605 signatu
888 3537 971 3592 miris
1002 3538 1127 3602 indiciis,
1161 3545 1230 3593 sunt
1258 3538 1387 3595 inventa.

342 3623 434 3693 (injus
454 3622 578 3677 arthuri
609 3639 641 3675 os
660 3622 739 3676 tibim
759 3630 827 3675 tnnc
846 3626 995 3676 ostensum
1013 3621 1116 3676 tibiam
1135 3622 1165 3676 in
1184 3639 1262 3693 genu
1279 3622 1388 3693 longis·

342 3707 408 3761 simi
427 3706 552 3761 hominis
571 3712 640 3761 tune
666 3706 774 3776 roperti
800 3705 895 3759 tribus
920 3704 1024 3774 digitis
1049 3705 1215 3761 excedebat.
1255 3705 1389 3777 Spatium

342 3808 458 3861 quoqne
490 3789 627 3844 intercilii
656 3789 733 3843 inter
758 3788 832 3842 duos
862 3788 961 3843 oculos
988 3788 1144 3859 palmulam
1174 3789 1388 3861 longitudinem

174 3895 299 3953 mmm,
341 3875 514 3930 continebat.
552 3874 669 3928 Mortuo
688 3872 815 3928 Rieurdo
829 3871 1032 3927 Cautnariensi
1044 3872 1272 3946 archiepiscopo,
1285 3873 1390 3929 Baldo·

175 3963 324 4026 arehbishop
340 3959 434 4015 winus
460 3963 530 4013 tune
555 3957 771 4027 wigorniensis
799 3956 963 4028 episeopus,
986 3958 1145 4013 monachus
1173 3957 1387 4023 cisterciensis,

175 4030 315 4146 gfcnnter·
341 4042 486 4113 quondam
505 4042 594 4096 albas
616 4038 810 4111 [Fortiensis],
831 4040 858 4095 ei
871 4040 1021 4096 successit.
1060 4041 1105 4096 De
1124 4059 1181 4112 quo
1200 4041 1294 4096 fertur
1311 4042 1389 4113 qued

194 4111 248 4160 ω’
341 4144 359 4182 a
388 4126 436 4181 dio
466 4143 523 4197 qno
549 4125 644 4180 faetus
670 4130 716 4179 est
742 4124 900 4180 menachus
927 4142 1021 4196 usqne
1047 4125 1084 4180 ad
1110 4125 1222 4181 ebitum
1239 4143 1388 4197 nunquam

342 4228 443 4266 carnes
460 4208 638 4265 comedebat.
