3232 5692
528 804 666 854 cnonas
688 804 796 853 nanas
813 804 972 854 ruamus
1212 791 1278 858 267

228 971 326 1058 Apud
355 975 475 1040 Acram
505 978 616 1039 autem
647 974 823 1041 Saladinus
854 975 994 1040 Ricardo
1024 975 1094 1060 regi
1127 973 1168 1038 de
1199 993 1278 1059 pace
1291 984 1359 1035 Μ).
1375 991 1448 1036 trae.

228 1080 431 1140 tractaturus
454 1076 641 1157 adveniens,
673 1099 747 1143 eum
786 1077 827 1143 de
861 1078 987 1165 treugis
1020 1098 1080 1163 pr0
1110 1065 1397 1182 Seplefflffiiffll

229 1178 422 1263 requirebat.
491 1179 652 1244 Ricardus
696 1201 775 1244 vero
824 1179 895 1264 ejus
935 1179 1122 1244 vecordiam
1167 1177 1373 1263 medor-pem,

229 1302 334 1366 guena
360 1281 390 1344 ei
416 1281 618 1367 baptismum
654 1286 689 1346 et
712 1303 851 1368 regnum
883 1281 964 1345 alibi
993 1279 1218 1366 promittebat,
1249 1280 1279 1344 si

229 1387 341 1447 tamen
372 1388 477 1447 totam
508 1383 643 1447 Terram
673 1383 830 1449 Sanctam
859 1384 890 1448 ei
919 1383 1150 1468 reconsignans
1179 1381 1279 1445 fidem

231 1486 453 1551 Christianam
488 1485 664 1549 admittere
693 1490 901 1571 praeoptaret.
956 1483 1064 1570 Super
1093 1505 1159 1568 quo
1190 1483 1281 1549 Sala·
1293 1488 1418 1539 Saladin'

230 1587 329 1651 dinus
355 1593 506 1672 repetens
528 1586 677 1652 inducias
699 1588 880 1665 triduanas,
904 1610 925 1651 a
950 1585 1157 1671 Ricardoque
1179 1586 1279 1651 disce.
1292 1558 1442 1687 ἓξὲξ

231 1689 320 1767 dens,
353 1713 373 1753 a
409 1689 577 1754 Saffadino
614 1689 717 1754 fratre
756 1712 817 1755 suo
847 1712 925 1776 erga
954 1711 1063 1776 regem
1100 1689 1278 1754 Ricardum
1293 1688 1448 1751 bython

230 1797 354 1856 secreto
393 1791 451 1857 sed
488 1798 601 1857 tamen
631 1793 810 1858 violentius
840 1798 1021 1868 accusatur,
1052 1792 1141 1878 quod
1171 1792 1280 1879 ipsum
1293 1755 1403 1806 broma.

231 1894 409 1959 Ricardum
433 1895 470 1957 in
494 1895 562 1958 suis
588 1896 825 1960 conventiculis
846 1895 1090 1981 parvipendens
1112 1917 1186 1959 cum
1210 1896 1281 1980 ipso

230 1995 419 2060 conflictum
439 1996 559 2061 habere
586 1998 746 2083 cupiebat.
793 1997 929 2062 Statuto
954 1997 1008 2062 die
1033 1997 1207 2062 Saladinus
1224 1996 1282 2060 Ri-

232 2098 328 2162 cardo
358 2098 545 2184 regrediens
586 2100 715 2184 objecta
753 2121 850 2185 super
887 2098 1094 2164 accusatione
1124 2101 1283 2186 praedicta

232 2200 369 2285 negavit
400 2201 544 2279 omnino,
569 2206 604 2265 et
626 2207 759 2288 treugas
782 2201 889 2266 adhuc
919 2200 1054 2287 repetiit
1083 2201 1281 2287 praelibatas.

233 2300 310 2386 Ipso
340 2323 471 2387 quoque
501 2301 564 2379 die,
593 2304 734 2368 nuntius
765 2304 901 2368 veniens
930 2302 1001 2387 regi
1032 2302 1172 2367 Ricardo
1203 2303 1285 2367 inti·

232 2404 340 2467 mavit
362 2405 393 2467 ei
416 2403 602 2490 Philippum
624 2425 734 2491 regem
758 2404 908 2469 Franciae
927 2405 964 2466 in
986 2403 1193 2467 Normannia
1208 2425 1284 2468 con·

232 2509 286 2566 tra
322 2504 428 2588 ipsum
464 2505 642 2570 Ricardum
677 2528 870 2592 guerrarum
900 2505 1071 2590 dispendia
1101 2506 1283 2584 suscitasse,

233 2604 433 2691 fratremque
456 2606 526 2690 ejus
542 2606 564 2670 J
566 2607 727 2672 ohannem
745 2608 780 2671 in
797 2607 920 2693 Anglia
935 2607 1132 2692 dignitatem
1148 2607 1283 2694 regiam,

234 2728 386 2771 coronam
413 2709 444 2773 ei
468 2709 697 2795 praeripicndo,
721 2709 807 2774 velle
833 2730 1012 2795 usurpasse.
1060 2709 1134 2788 Quo
1161 2709 1284 2789 audito,
1297 2718 1405 2770 Arrace

236 2807 396 2873 Ricardus
422 2832 481 2875 rex
503 2811 631 2875 facilius
657 2834 806 2878 annuens
831 2811 988 2877 Saladino
1003 2817 1137 2898 treugas
1152 2834 1211 2898 pro
1226 2812 1284 2875 tri·
1297 2785 1404 2916 322¹er

67 2927 222 2994 RHigden,
235 2911 333 2975 ennio
356 2912 561 2977 concedebat.
608 2921 695 2977 Circa
720 2923 782 2977 haec
810 2928 943 2992 tempora
971 2920 1134 2992 Stephanus
1166 2922 1385 2992 quidamtatb.

67 2993 116 3046 ⁰0¹·
127 2999 202 3047 ²⁴⁰⁸·
235 3019 405 3082 procurator
417 3013 606 3084 Andagaviae,
627 3015 678 3083 qui
697 3014 751 3068 sub
770 3012 873 3067 diebus
892 3011 1015 3067 Henrici
1034 3013 1051 3065 2
1069 3012 1177 3082 patris¹
1197 3013 1285 3081 hujus
1298 3009 1409 3075 De⁸iss¹¹⁸
1420 3012 1453 3060 ⁰f

234 3096 315 3165 regis
334 3096 454 3150 Ricardi
473 3096 632 3167 prudenter
651 3103 762 3166 egerat,
786 3096 952 3165 conjectans
971 3100 1069 3149 tamen
1087 3095 1205 3150 delicati
1223 3113 1285 3150 cor·
1299 3075 1418 3140 sapien,

234 3179 314 3248 poris
340 3179 503 3249 principem
530 3197 565 3233 ex
591 3179 680 3248 longo
706 3179 812 3233 itinere
838 3185 868 3233 et
894 3176 1025 3248 periculo
1052 3179 1162 3232 nonde
1187 3158 1432 3272 lacili²fiffljig,¹,‚

234 3279 320 3331 posse
338 3263 457 3326 reverti,
477 3263 595 3318 absente
614 3280 695 3333 rege,
715 3263 805 3332 coepit
822 3262 894 3315 fines
918 3259 1036 3315 creditae
1058 3262 1114 3316 sibi
1133 3262 1398 3338 potestatis-against

234 3354 400 3424 petulanter
418 3355 566 3409 excedere.
605 3355 690 3409 Unde
709 3360 747 3417 ct,
768 3353 906 3408 suadente
925 3344 988 3408 sibi
1004 3354 1129 3425 quodam
1148 3355 1286 3409 familiari
1299 3342 1418 3393 Richard

235 3463 298 3510 suo,
318 3447 563 3516 nigromanticum
591 3445 735 3515 quendam
763 3444 919 3510 consuluit,
938 3452 1038 3500 utrum
1063 3463 1114 3499 rex
1141 3446 1286 3500 Ricardus

179 3577 186 3590 .
236 3536 314 3584 esset
331 3547 513 3584 reversurus.
551 3528 593 3583 At
609 3529 671 3593 ille,
692 3529 800 3583 ducens
826 3528 1004 3599 Stephanum
1023 3529 1060 3583 ad
1076 3528 1174 3583 locum
1193 3546 1287 3584 secre-
1298 3545 1426 3596 Decem

235 3619 308 3677 tum,
342 3614 470 3668 ostendit
500 3614 527 3667 ei
558 3619 646 3683 caput
676 3631 790 3666 aeuenm
820 3613 928 3668 habens
962 3613 1098 3684 spiritum
1130 3613 1284 3668 inclusum.
1298 3613 1444 3690 bynnam·

238 3700 256 3722 ‘¹
278 3696 412 3764 Quaere,”
444 3697 549 3766 inquit,
583 3700 601 3722 ‘¹
616 3696 652 3750 ab
682 3695 739 3750 isto
767 3713 832 3766 quae
857 3696 1002 3759 volueris;
1032 3696 1084 3750 sed
1111 3696 1239 3750 breviter
1257 3703 1288 3751 et
1298 3679 1407 3743 b¹ss⁰⁰¹²⁸

238 3783 257 3807 ‘⁴
278 3799 385 3851 pauca:
407 3799 475 3835 nam
502 3780 539 3834 ad
564 3780 784 3850 multiloquium
802 3797 860 3834 uon
882 3780 1068 3851 respondet.”
1105 3779 1206 3835 Tunc³
1224 3781 1284 3847 ille,
1299 3744 1435 3811 pmpheci'

238 3868 257 3891 “
277 3866 357 3919 Num
376 3883 433 3936 cgo
453 3865 572 3919 visurus
600 3882 666 3919 sum
692 3881 795 3934 regem
823 3864 983 3918 Ricardum
993 3863 1025 3918 l”
1062 3865 1101 3918 Et
1125 3865 1285 3934 respondit,

239 3952 257 3975 ‘⁴
277 3948 503 4020 Nequaquam.”
550 3947 636 4011 Itom,
666 3946 841 4014 “Quamdiu
868 3947 987 4002 durabit
1016 3948 1193 4002 ministratio
1223 3966 1285 4002 sus·

240 4036 258 4059 ‘·'
278 4032 403 4104 cepta?”
448 4030 619 4103 Respondit,
648 4031 778 4102 “Usque
811 4031 848 4085 ad
877 4039 1001 4086 mortem
1030 4031 1142 4086 tuam.”
1186 4032 1286 4086 Tertio

239 4117 375 4187 quaesivit
403 4116 567 4186 Stephanus
598 4115 649 4168 ubi
679 4123 757 4169 esset
782 4115 959 4179 moriturus;
987 4121 1017 4169 et
1038 4132 1211 4185 responsum
1230 4121 1284 4179 est,

241 4203 259 4225 ‘⁴
280 4200 316 4253 In
334 4199 464 4269 pluma.¹'
501 4198 565 4252 Neo
585 4198 671 4252 licuit
688 4199 715 4251 ei
735 4198 858 4252 ulterius
884 4215 1024 4268 quaerere.
1064 4199 1122 4253 Sed
1146 4199 1287 4254 dimissus

239 4303 257 4338 a
274 4291 341 4338 vate
368 4284 507 4354 praecepit
534 4283 596 4337 suis
622 4299 659 4336 ne
685 4281 757 4352 quid
783 4281 951 4352 plumeum⁴
969 4283 1068 4353 aliqua
1091 4285 1241 4338 occasione
1260 4284 1289 4337 ei

275 4542 281 4571 ¹
292 4539 388 4605 putris]
402 4546 434 4595 et,
447 4538 477 4587 lt.
490 4537 525 4590 IL
818 4537 827 4565 ⁴
845 4535 905 4599 quid
923 4506 1068 4600 plumemus
1085 4536 1146 4598 quid
1168 4537 1291 4599 plumum,

273 4623 282 4649 ²
293 4617 381 4681 focile]
394 4618 432 4666 rel
443 4633 493 4664 non
504 4618 543 4666 vel
553 4615 663 4673 difficile,
671 4615 702 4663 lt.
714 4616 745 4665 ll.
788 4615 842 4666 hlS.
856 4637 862 4675 3
881 4617 979 4679 quidem
992 4615 1110 4678 plumam,
1123 4615 1153 4662 ll.
1168 4617 1199 4663 Η.

273 4704 283 4729 ³
300 4699 381 4763 Tunc]
396 4699 453 4751 Cui.
465 4699 494 4746 lt.
507 4698 540 4745 ll.
