3232 5692
365 603 429 668 412
635 619 806 671 melenus
829 618 937 668 nunno
960 619 1135 671 summus

194 792 260 843 M)-
275 800 335 847 rent
359 789 485 855 dictum
522 795 656 878 pontem
693 791 734 856 do
776 788 881 856 Forth
918 790 1119 869 extenditur,
1150 782 1331 874 ouriagiie
1371 782 1446 849 suit

192 865 282 914 '¹²³⁵‘
359 893 592 979 perfruuntur3
613 893 663 959 ito
684 894 782 980 plane
804 892 892 979 quod
913 893 1071 979 quiequid
1093 898 1197 960 terrae
1221 891 1330 957 inter
1354 907 1444 974 prae·

358 994 484 1060 <lictum
521 1001 674 1082 stagnum
709 1001 744 1061 ot
780 995 888 1082 ipsum
921 994 1080 1061 fossatum
1117 993 1281 1062 exterius
1320 987 1443 1067 fuerit»

359 1096 447 1162 inter
468 1097 499 1163 le
521 1096 711 1164 Westkerre
732 1096 774 1163 do
796 1096 941 1163 Suttonn
970 1102 1005 1164 et
1026 1097 1226 1185 praedietum
1250 1098 1441 1181 stagnum,

359 1199 537 1264 secundum
560 1199 799 1286 longitudinem
834 1199 936 1286 ipsius
967 1199 1077 1287 stagni
1107 1199 1145 1265 in
1177 1197 1308 1276 Hullo,
1334 1192 1444 1261 nobis

256 1350 264 1365 .
358 1301 401 1365 od
432 1301 707 1367 sustentationem
739 1300 850 1387 stagni
884 1301 992 1367 nostri
1026 1305 1061 1366 et
1098 1300 1365 1378 eisiumentum,
1400 1300 1443 1363 et

358 1403 401 1468 nd
424 1424 628 1468 communem
659 1403 748 1467 vium
778 1407 923 1468 nostrum
954 1408 989 1469 et
1019 1402 1189 1470 hominnm
1223 1405 1441 1469 nostrorum

360 1510 395 1570 et
429 1505 576 1570 omnium
599 1505 657 1591 qui
690 1504 849 1592 praediotn
883 1504 1072 1572 molendino.
1109 1505 1203 1593 sequi
1236 1502 1441 1576 voluerint

359 1612 393 1673 ot
416 1607 519 1695 ipsius
541 1608 657 1689 Seieri,
680 1608 838 1674 heredum
861 1614 896 1674 et
926 1607 1104 1674 liberorum
1133 1607 1319 1675 hominum
1354 1626 1439 1671 suo-

359 1731 441 1787 rum,
457 1710 698 1796 imperpetuum
721 1715 912 1797 perseveret
952 1708 1042 1776 Ubi¹
1060 1710 1202 1777 Michael
1224 1710 1369 1777 sbbns’
1385 1708 1439 1774 81

360 1812 586 1877 molendinum
623 1810 758 1898 posteo⁴
793 1812 988 1889 oonstruxit‚
1025 1813 1111 1879 siout
1144 1818 1260 1899 posteo
1302 1813 1438 1882 refere-

361 1918 425 1979 tur.
482 1915 533 1979 De
570 1913 689 2000 quibus
726 1914 847 1980 iterum
879 1914 1009 1980 fossatis
1041 1921 1077 1981 ot
1112 1937 1225 1982 eorum
1261 1917 1438 2005 gutteria,

361 2023 508 2103 tempore
542 2017 662 2104 Rogeri
692 2016 823 2083 obbatis
859 2019 911 2095 13,
933 2017 1013 2083 olibi
1043 2016 1209 2085 referetur.
1256 2022 1296 2085 A
1330 2018 1437 2105 eujus

360 2119 477 2186 fossati
498 2119 540 2186 do
562 2117 740 2204 Forthdyk
769 2119 876 2205 ospite
910 2118 1064 2184 orientali
1085 2140 1199 2186 versus
1220 2122 1435 2208 aquilonem

361 2220 527 2287 lrubetur⁶
549 2221 641 2286 uliud
673 2221 842 2301 fossatum,
866 2221 934 2286 xvi.
969 2220 1091 2308 pedum
1114 2223 1150 2287 in
1172 2222 1371 2290 latitudine
1395 2230 1435 2292 et

360 2346 418 2390 sex
453 2323 574 2409 pedum
606 2322 642 2386 in
672 2321 908 2409 profunditate,
933 2323 1022 2408 quod
1053 2324 1275 2391 extenditur⁰
1300 2348 1434 2393 versus

360 2424 606 2511 Fuyrholmum,
646 2446 704 2510 pro
745 2430 836 2489 eertu
880 2423 989 2488 diviso
1032 2424 1119 2490 inter
1157 2427 1343 2494 moriscum
1386 2430 1431 2495 de

361 2526 514 2613 Wuglmu
536 2532 571 2591 et
594 2526 766 2591 moriscum
790 2525 896 2590 Snieri
930 2526 1110 2612 smpedioti,
1133 2527 1191 2613 qui
1208 2528 1303 2613 jsoet
1329 2531 1432 2597 inter

361 2627 654 2694 Brounoelrolmum
690 2639 724 2693 ot
753 2627 1014 2713 Fuyrholmum;
1047 2633 1082 2694 et
1103 2651 1124 2694 u
1145 2630 1254 2716 cupite
1285 2632 1430 2719 aquilo·

361 2731 431 2795 nuli
467 2729 570 2817 ipsius
607 2729 721 2794 fossati
760 2729 996 2796 extenderetur
1025 2730 1117 2796 uliud
1139 2730 1313 2815 fossatum,
1352 2737 1428 2801 xvi.

362 2833 483 2920 pedum
518 2830 708 2897 latitudinis
742 2837 776 2897 et
806 2832 849 2896 vi.
881 2831 1001 2919 pedum
1036 2832 1284 2919 profunditatis,
1308 2859 1428 2924 usque

362 2956 462 3022 prope
494 2932 627 3000 ledum⁷
658 2933 699 2999 <le
722 2933 849 3020 Swynu
881 2955 994 3000 versus
1023 2935 1194 3002 orientem.
1236 2935 1294 3004 Itu
1324 2941 1426 3025 quod

361 3043 545 3104 remuneret
577 3036 618 3102 de
651 3037 747 3101 firmo
780 3041 869 3102 term.
901 3037 1046 3123 spatium
1080 3059 1137 3103 sex
1170 3039 1301 3126 pedum,
1325 3041 1428 3108 inter

362 3140 554 3228 prmrliotum
577 3137 707 3203 ledum⁷
731 3138 772 3205 do
795 3139 909 3204 Swino.
930 3145 965 3203 et
987 3138 1146 3204 fossatum
1176 3142 1425 3227 supradictum

197 3263 320 3329 wlgrino.
362 3244 482 3309 Postea
504 3245 614 3306 nutem
639 3240 805 3306 Gnlfridus
836 3241 876 3306 do
911 3240 1063 3327 Fryboys
1085 3247 1120 3307 ot
1141 3242 1266 3309 Alanus
1289 3245 1425 3313 Surde·

361 3346 456 3421 nulle,
492 3342 587 3408 cum⁸
620 3342 804 3407 Bootrioem
843 3349 878 3407 et
918 3343 1102 3408 Hawisium
1141 3344 1225 3409 filius
1262 3348 1424 3415 Amundi

196 3470 318 3520 (lemnon
363 3449 531 3512 Pinoernae
554 3445 595 3509 do
627 3444 877 3531 Benynglrohno
901 3445 1159 3531 desponsassent,
1190 3451 1422 3517 communium

196 3536 341 3652 fflffi‘
364 3552 398 3616 iu
421 3548 557 3613 morisco
580 3547 732 3611 orientali
756 3547 797 3611 ‹lo
821 3546 925 3611 Melon
947 3552 981 3612 ot
1004 3547 1155 3634 Wuglmn
1176 3555 1216 3615 ut
1232 3550 1290 3636 jus
1313 3574 1422 3619 suum

196 3670 289 3719 Meuux
301 3669 352 3719 ond
364 3648 603 3719 vendicarunt⁰
641 3649 673 3712 A
689 3648 817 3734 quibus,
834 3670 908 3713 oum
924 3648 1116 3714 uuiversum
1132 3651 1285 3717 olomium
1305 3656 1423 3720 totius

197 3735 322 3801 W⁸ss¹¹⁰¹¹·
364 3752 528 3820 rrrur'lsel¹⁰
552 3753 638 3817 inter
657 3751 794 3815 Eutwod
819 3750 994 3837 Morrkdyk
1010 3773 1114 3836 usque
1137 3752 1179 3817 od
1202 3754 1346 3820 divisum
1371 3758 1422 3824 de

367 3892 498 3901 -—-—-·-—-
513 3891 570 3898 --
772 3887 815 3894 -—

397 3953 403 3982 ¹
418 3947 545 4000 AsterUbr'
556 3947 635 3998 insert
644 3954 726 3997 tumen
736 3947 860 4007 domiuus,
939 3948 949 3976 1
970 3947 1118 4013 extenditur]
1138 3950 1323 4013 extenderetur,
1336 3951 1367 4003 P.

363 4030 386 4081 P
941 4027 950 4053 ¹
967 4024 1058 4092 ledum]
1078 4027 1168 4086 ludum,
1180 4028 1209 4078 P.

396 4112 406 4140 1
423 4108 497 4158 noer
508 4105 585 4155 retbere
597 4105 674 4156 insert
685 4114 777 4165 noster,
788 4105 818 4156 P.
941 4107 950 4132 1
967 4105 1033 4170 oum]
1054 4106 1168 4171 wnnfing
1179 4106 1205 4155 in
1217 4107 1247 4157 P.

398 4190 407 4218 1
423 4188 525 4238 Astertt
544 4186 630 4244 insert,
643 4200 771 4235 succensor
784 4184 863 4250 ipsius
941 4186 950 4213 ⁰
968 4183 1140 4250 vendicarunt]
1160 4186 1337 4247 vendicabunt,
1349 4189 1381 4239 P.

365 4265 582 4322 nubatislticardt
595 4263 624 4314 P.
943 4265 961 4294 ¹⁰
978 4263 1053 4314 Alter
1075 4266 1175 4315 marisci
1199 4265 1280 4318 insert
1296 4283 1417 4334 eompre-

400 4350 406 4377 1
420 4346 519 4412 [testea]
539 4359 641 4404 novum,
653 4343 682 4392 P.
909 4342 990 4404 lrensi,
1002 4343 1032 4394 P.

398 4429 407 4457 1
424 4424 539 4492 turbetur]
558 4424 698 4483 haberetur,
709 4424 739 4473 P.
