3232 5692
358 754 424 818 402
678 761 777 812 HUSO
797 760 905 813 essm
925 761 1087 824 aalma

194 940 784 1016 AD.119⁹etregisorudelitate‚idem
811 956 886 1011 papa
903 938 1091 996 Innocentius
1111 939 1192 995 dnos
1214 939 1351 1011 legatos
1379 953 1449 992 car·

194 1022 285 1068 4²¹⁶·
359 1029 470 1085 dinales
489 1028 519 1082 in
530 1025 669 1097 Angliam
682 1024 772 1079 misit.
810 1022 876 1092 Qui,
889 1029 956 1094 post
972 1023 1092 1095 longam
1111 1041 1185 1079 oum
1204 1040 1289 1095 rege
1311 1039 1447 1077 concer-

195 1097 509 1176 &mundonem
528 1117 559 1166 et
575 1109 794 1182 pronunciatum
820 1107 1148 1163 excommunicationem
1178 1107 1212 1162 in
1248 1106 1344 1178 regis
1375 1123 1449 1178 pcr-

195 1163 347 1281 ffifffigssh‘ff
361 1216 460 1251 sonam
480 1202 594 1250 etcum
612 1211 646 1248 co
664 1189 908 1247 communicantes
924 1188 973 1245 *et
990 1191 1017 1246 ei
1035 1191 1182 1246 auxilium
1206 1189 1380 1255 screntcs‚'
1414 1196 1448 1244 et

343 1268 571 1337 'absolutionem
589 1278 739 1341 namnum,
759 1273 895 1339 militum,
914 1273 1096 1340 clericorum,
1115 1275 1284 1341 lassorum,
1309 1275 1447 1330 smmi-

362 1382 503 1435 genarum
527 1369 557 1418 et
574 1361 817 1431 Angligenarnm,
837 1358 873 1412 ab
897 1357 1052 1430 homagiis,
1071 1357 1278 1415 fidelitatibus
1308 1366 1346 1414 et
1376 1376 1446 1413 scr·

362 1449 453 1511 vitiis,
473 1464 538 1518 qum
556 1446 584 1500 ei
602 1444 771 1506 debuerant,
791 1447 821 1496 et
847 1442 976 1496 omnium
1003 1442 1223 1498 absolutionem
1244 1443 1302 1515 qui
1326 1449 1444 1499 contra

363 1549 430 1587 eum
448 1530 559 1585 bellum
576 1528 687 1584 vellent
703 1526 839 1582 inchoare
851 1525 882 1580 in
893 1524 1065 1581 remissione
1076 1533 1274 1597 peccatorum
1288 1545 1441 1591 suorum,

363 1623 393 1671 et
411 1616 561 1670 decretum
579 1611 657 1681 quod
682 1627 736 1665 nco
763 1610 827 1681 ipse
854 1626 907 1664 neo
932 1609 1017 1664 heres
1043 1627 1131 1681 quem
1158 1611 1277 1667 habere
1307 1618 1443 1684 poterat

362 1706 430 1772 post
447 1717 515 1754 cum
532 1697 652 1753 deberet
663 1695 805 1760 coronari,
820 1700 850 1749 et
860 1711 912 1748 rex
923 1693 1054 1748 Francis
1068 1695 1132 1765 jam
1144 1697 1312 1767 praemissa
1325 1696 1440 1752 valida

197 1786 335 1840 Surmnder
363 1801 451 1839 manu
469 1787 686 1851 exsequeretur,
706 1779 802 1834 dictus
821 1776 968 1832 Johannes
987 1794 1047 1841 rex,
1067 1796 1121 1850 pro
1140 1797 1172 1834 se
1197 1785 1230 1834 et
1256 1780 1439 1835 heredibus

196 1855 226 1905 ⁰¹
234 1855 277 1905 ‘¹¹⁰
363 1869 434 1931 suis,
448 1866 643 1922 mediantibus
661 1862 777 1936 legatis,
792 1862 876 1917 beato
888 1861 977 1917 Petro
988 1862 1120 1933 apostolo
1138 1863 1328 1936 dominoque
1343 1883 1439 1937 papus

196 1920 318 2038 {mm
362 1950 534 2006 innocentio
564 1950 591 2014 3,
618 1948 740 2020 ejusque
769 1945 920 2001 catholicis
948 1945 1176 2012 successoribus,
1209 1947 1368 2019 Angliam
1403 1955 1439 2003 ct

281 2003 350 2054 W
363 2035 536 2091 Hiberniam
553 2033 585 2088 in
608 2031 837 2088 satisfactionem
854 2045 1025 2085 excessuum
1043 2047 1164 2084 suorum
1182 2030 1345 2096 offerebat,
1369 2038 1439 2087 tac·

362 2120 460 2191 iisque
487 2116 677 2175 sacrosanctis
703 2113 864 2186 evangeliis
885 2113 1008 2186 juravit,
1028 2114 1105 2186 qnod
1131 2121 1228 2171 terras
1248 2116 1323 2171 illas
1346 2117 1436 2172 sicut

362 2203 570 2277 patrimonium
598 2199 698 2256 Sancti
719 2198 801 2255 Petri
819 2197 856 2252 dc
880 2197 982 2255 eodem
1007 2215 1082 2269 papa
1109 2198 1233 2270 ejusque
1259 2200 1434 2256 catholicis

363 2285 581 2344 successoribus
601 2284 664 2355 ipso
691 2287 721 2339 ct
744 2281 868 2337 heredes
894 2282 941 2338 sui
964 2286 1103 2352 tanquam
1121 2281 1247 2338 leoderii
1267 2283 1433 2356 imperpe-

303 2408 305 2413 .
363 2377 448 2427 tuum
466 2369 624 2425 retinerent
630 2390 639 2432 ;
661 2373 700 2432 et,
720 2365 888 2438 insignum
905 2370 1053 2437 perpetuas
1072 2364 1274 2435 subjectionis,
1295 2367 1338 2423 de
1359 2369 1431 2423 red·

364 2455 474 2511 ditibus
492 2452 584 2525 regiis
602 2452 734 2523 ipsarum
751 2457 908 2516 terrarum,
922 2449 1051 2521 exceptis
1063 2447 1191 2506 denariis
1205 2450 1309 2507 Sancti
1324 2452 1431 2518 Petri,

363 2539 447 2594 mille
463 2555 578 2594 marcas
596 2535 729 2592 ecclesias
757 2535 895 2590 Romanae
912 2533 1093 2606 persolveret
1111 2536 1274 2599 annuatim,
1295 2545 1431 2610 propter

364 2639 489 2695 regnum
507 2620 646 2678 videlicet
663 2617 780 2690 Angliae
805 2615 867 2674 dco.
895 2634 1019 2682 marcas,
1045 2624 1076 2673 et
1098 2623 1218 2690 propter
1236 2618 1430 2675 Hiberniam

365 2724 424 2762 cco.
452 2722 582 2769 marcos3
607 2703 650 2759 ita
676 2701 763 2774 quod,
784 2702 810 2757 si
828 2701 892 2774 ipse
909 2700 958 2757 vel
985 2700 1094 2772 aliquis
1121 2700 1263 2758 heredum
1292 2722 1428 2759 snorum

364 2791 401 2846 ab
418 2791 473 2846 hoo
491 2788 656 2846 conditione
673 2785 723 2842 vel
741 2784 885 2841 solutione
903 2783 1050 2851 deficeret,
1070 2784 1190 2843 cederet
1201 2804 1219 2841 a
1233 2785 1303 2858 jure
1316 2789 1425 2860 regni.

365 2873 428 2929 Rex
446 2891 517 2946 ergo
535 2872 682 2927 Johannes
710 2867 747 2924 de
774 2869 869 2940 capite
888 2886 941 2926 suo
960 2886 1097 2925 coronam
1119 2870 1237 2936 evulsit,
1257 2877 1290 2928 et
1314 2891 1425 2928 coram

362 2957 470 3031 legatis
500 2955 624 3028 genibus
650 2952 833 3026 provolutus,
862 2951 1048 3009 audientibus
1076 2953 1199 3019 cunctis,
1219 2955 1274 3010 hoo
1297 2974 1427 3028 quoque

364 3041 448 3106 dixit,
478 3038 636 3110 “Rosigno
660 3036 710 3092 hio
736 3053 872 3093 coronam
897 3042 928 3091 ot
953 3053 1079 3110 regnum
1105 3036 1223 3108 Anglim
1252 3038 1283 3092 in
1311 3058 1426 3096 manus

367 3129 386 3154 “
405 3123 516 3181 domini
541 3140 624 3196 papas
642 3120 817 3185 Innocentii,
837 3126 925 3192 atque
944 3121 1076 3176 insuam
1094 3121 1220 3192 gratiam
1246 3128 1276 3177 et
1301 3125 1427 3180 ordina·

367 3213 386 3237 “
407 3211 514 3266 tionem
527 3225 574 3262 mc
593 3204 765 3262 submitto.’'
801 3205 883 3260 Tunc
896 3205 1014 3276 quidem
1026 3206 1143 3277 legatus
1155 3206 1266 3278 recepit
1278 3225 1424 3264 coronam

366 3301 397 3352 ct
420 3312 484 3349 eam
511 3310 600 3366 penes
627 3307 658 3346 se
684 3290 778 3346 tribus
798 3289 901 3345 diebus
920 3290 1066 3345 continuis
1085 3290 1238 3355 retinebat,
1259 3293 1345 3362 quasi
1366 3313 1426 3365 pro

366 3379 451 3450 regni
469 3376 586 3448 Anglim
605 3382 635 3431 et
653 3373 805 3429 Hiberniae
824 3373 933 3429 seisina
959 3373 1119 3430 retinenda.
1157 3374 1196 3430 Et
1220 3375 1340 3430 interim
1368 3396 1424 3432 rex

366 3462 555 3536 praescriptas
576 3459 755 3515 oblationem
773 3463 804 3512 ct
820 3458 984 3529 pactionem
1002 3456 1103 3513 charte
1121 3475 1175 3527 sun
1192 3459 1423 3529 malitia&

368 3545 478 3619 scripta
495 3543 654 3607 roboravit,
674 3559 739 3613 qum
765 3540 882 3597 domino
900 3541 988 3613 Papae
1016 3542 1151 3597 continuo
1173 3549 1218 3598 est
1235 3543 1423 3600 transmissa.

201 3632 312 3684 Rcdsll·
368 3630 437 3685 Hiis
455 3629 497 3685 ita
514 3626 652 3699 peractis,
672 3643 724 3680 rex
743 3623 891 3681 Johannes
910 3625 946 3680 de
967 3643 1055 3680 manu
1073 3624 1165 3696 legati
1183 3643 1319 3681 coronam
1337 3644 1424 3683 reac-

202 3716 263 3765 ’θη
276 3698 455 3786 osthecopit
489 3711 669 3783 Stephanum
704 3707 955 3781 archiepiscopum
992 3727 1059 3764 cum
1089 3710 1150 3764 suis
1181 3710 1349 3765 coexulibus
1383 3711 1423 3765 cd

201 3781 286 3882 {m
297 3774 324 3816 ω
369 3797 489 3871 propria
506 3794 666 3859 revocavit,
686 3797 783 3863 ablue,
804 3791 841 3847 ad
858 3793 949 3865 pedes
968 3792 1180 3864 archiepiscopi
1194 3792 1332 3864 Stephani
1351 3813 1422 3865 pro-

221 3847 266 3898 mg
279 3833 356 3885 ‘Im'
369 3882 469 3940 cidens
486 3880 662 3951 veniamque
680 3882 791 3949 petens,
811 3877 1028 3934 restitutionem
1054 3876 1195 3932 bonorum
1221 3877 1347 3949 singulis
1375 3898 1422 3934 rc·

369 3965 512 4039 promisit.
551 3962 635 4019 Unde
660 3961 691 4017 in
716 3960 840 4017 concilio
863 3961 1051 4034 prelatorum
1075 3961 1280 4017 concordatum
1298 3962 1365 4027 luit,
1387 3971 1422 4018 ut

369 4070 422 4108 rex
440 4048 657 4120 archiepiscopo
675 4043 859 4117 *Stephano‘
877 4045 962 4111 &000
979 4062 1102 4109 marcas,
1115 4044 1207 4117 priori
1220 4051 1250 4100 et
1262 4049 1421 4102 conventui

371 4133 575 4192 Canthariensi
595 4130 677 4197 1‚000
695 4146 819 4194 marcas,
839 4135 870 4185 et
887 4128 1001 4185 oaeteris
1026 4128 1160 4185 omnibus
1184 4127 1222 4184 ad
1245 4128 1420 4187 dividendos

370 4220 446 4276 inter
464 4237 513 4274 eos
526 4217 626 4281 lb‚000
637 4231 760 4280 marom,
773 4213 805 4269 in
817 4213 1043 4270 satisfactionem
1055 4212 1218 4269 redonaret.
1256 4214 1330 4270 Post
1342 4215 1419 4282 haec,

370 4303 517 4360 mediante
546 4301 638 4355 altero
664 4298 772 4370 legato,
801 4297 897 4354 dictus
922 4316 973 4354 rex
998 4297 1069 4354 lecit
1095 4297 1265 4371 homagium
1295 4297 1418 4356 domino

203 4395 325 4447 Remomd
371 4406 453 4462 papiu
484 4383 655 4442 innocentio
683 4382 785 4449 terti03
814 4389 901 4454 atque
928 4387 998 4438 tuno
1031 4381 1228 4448 interdictum,
1256 4384 1334 4455 quod
1365 4402 1420 4455 per

204 4463 334 4582 gssgtin·
372 4491 461 4529 armos
487 4489 547 4536 sex,
570 4485 685 4524 menses
711 4473 772 4523 tres
797 4473 828 4522 et
847 4465 928 4522 dies¹
947 4466 1028 4532 xvii„
1049 4465 1176 4534 duravit,
1203 4466 1331 4524 solutum
1357 4475 1417 4536 est,

1031 4605 1231 4613 ...--...-.--
1234 4605 1252 4611 ..
1257 4604 1421 4614 ἡ

757 4677 764 4706 ¹
783 4672 848 4741 aaa]
866 4674 962 4738 nean,
972 4674 1029 4727 us.
