3232 5692
528 823 712 872 punimus
733 821 841 872 nanis
863 822 1049 873 sacnanus.
1249 806 1308 876 171

271 1216 308 1282 V.
331 1217 380 1282 De
403 1218 501 1283 tamis
521 1224 549 1282 et
570 1217 764 1283 teewnwatia
785 1215 829 1281 ia
852 1215 1113 1302 Braatyapbam
1128 1213 1312 1299 etam-pto,

358 1319 517 1401 Ddttoaa,
540 1318 829 1396 Blauacbemarte,
852 1317 1113 1404 Hertetbmpia)
1154 1316 1313 1393 Wartria,

359 1420 497 1488 Ottoaa.

314 1605 480 1671 Gamellua
511 1627 639 1693 quoque
664 1606 752 1671 filius
775 1605 961 1672 Normanni
995 1611 1029 1671 et
1061 1604 1203 1671 Thomas
1225 1604 1394 1669 filiusnn.
1408 1623 1472 1668 1160

268 1709 349 1773 dicti
376 1707 516 1773 Gemelli
531 1707 692 1775 dederunt
714 1709 811 1775 nobis
832 1730 938 1773 unum
964 1709 1086 1774 toftum
1109 1716 1143 1773 et
1167 1707 1313 1772 diversas

268 1833 358 1876 aeras
392 1817 427 1876 et
458 1811 634 1897 particulas
657 1818 754 1878 terrae
777 1812 813 1876 in
837 1810 1090 1898 Brantyngham
1113 1815 1147 1876 et
1169 1810 1312 1897 Burgh0,
1325 1767 1468 1884 ffimyng-

1324 1689 1415 1734 41⁸2.

268 1918 303 1978 et
326 1918 433 1979 totum
456 1919 589 1999 pratum
618 1915 662 1980 ad
695 1937 795 1980 unam
825 1914 982 1980 bovatam
1003 1919 1100 1980 terrae
1123 1912 1463 2000 pe1ainens.²ssurahum-

268 2017 333 2082 Sed
356 2022 390 2082 et
411 2016 610 2103 Aibrightus
643 2017 732 2083 filius
765 2017 847 2083 dieti
879 2017 1020 2082 Gemelli
1053 2038 1157 2081 unum
1189 2017 1310 2082 toftum

267 2124 302 2184 et
324 2119 449 2185 fontem
471 2119 530 2205 qui
552 2119 640 2184 infra
661 2121 770 2206 ipsum
792 2120 916 2185 toftum
946 2119 1088 2185 habetur
1109 2119 1145 2183 in
1168 2117 1313 2206 Burgho,

268 2227 433 2287 reservato
470 2220 534 2286 eibi
568 2244 678 2287 annuo
712 2221 848 2287 servitio
879 2222 935 2288 xii
967 2222 1185 2300 denariorum,
1217 2221 1312 2287 nobis

267 2325 429 2412 erogabat.
475 2324 580 2405 Quem
617 2347 765 2390 annuum
796 2324 963 2390 redditum
994 2323 1191 2389 Willielmus
1225 2324 1313 2388 filius

152 2442 156 2446 ’
266 2426 336 2512 ejus
369 2426 464 2493 nobis
498 2432 612 2514 postea
642 2427 836 2505 relaxabat,³
859 2431 894 2492 et
917 2426 998 2491 aliea
1020 2426 1196 2513 particulas
1225 2426 1313 2512 prati

266 2529 360 2594 nobis
383 2528 508 2593 ibidem
530 2529 631 2594 dedit.
676 2528 847 2594 «iohannes
870 2529 971 2594 etiam
995 2529 1036 2594 de
1058 2528 1312 2615 Brantyngham

266 2632 359 2697 dedit
380 2632 475 2698 nobis
497 2632 662 2717 quandam
685 2632 879 2719 particulam
902 2638 1008 2710 terrae,
1024 2654 1083 2719 pro
1105 2631 1148 2698 vi
1171 2631 1314 2697 denariis

266 2734 385 2799 annuis
421 2734 484 2799 sibi
522 2734 719 2816 reddendis;
758 2756 839 2821 quos
877 2734 980 2800 etiam
1017 2734 1189 2800 «Iohannes
1225 2734 1314 2799 filius

265 2836 336 2922 ejus
358 2837 453 2902 nobis
475 2842 590 2922 postea
622 2835 801 2902 relaxabat.
859 2836 1035 2902 Haldanus
1066 2837 1155 2901 filius
1190 2836 1313 2902 Ketelli

266 2938 359 3005 dedit
380 2939 475 3005 nobis
497 2939 580 3005 duos
605 2940 756 3005 belliones
787 2946 821 3006 et
853 2962 954 3005 unam
984 2962 1093 3006 aeram
1123 2946 1230 3022 teman,
1253 2962 1312 3028 pro

266 3041 372 3107 tribus
394 3041 535 3106 denariis
558 3042 790 3129 Hospitalariia
820 3043 1049 3129 persolvendis.
1095 3042 1159 3108 Sed
1182 3049 1217 3108 et
1238 3043 1313 3107 aliae

265 3151 362 3211 tarrae
395 3144 517 3209 ibidem
555 3146 649 3210 nobie
686 3143 968 3211 eoneedebantur.⁴
1028 3145 1164 3211 Praefati
1201 3150 1312 3210 autem
1325 3152 1451 3205 Amar-

265 3249 449 3314 feoffatorea
482 3252 517 3312 et
550 3247 607 3312 alii
640 3247 741 3314 libere
773 3253 923 3313 tenentes
957 3248 1120 3313 dictarum
1157 3247 1311 3312 villarum
1323 3222 1450 3353 {offla

265 3351 360 3417 nobis
382 3349 601 3417 concedebant
622 3350 758 3415 ductum
780 3373 874 3436 aquae
897 3356 931 3415 et
953 3350 1061 3416 fontes
1083 3350 1141 3436 qui
1163 3349 1206 3415 ad
1232 3371 1311 3415 eun-

265 3455 340 3519 dem
363 3455 499 3519 ductum
522 3454 690 3540 pertinent
704 3454 741 3518 in
756 3453 898 3540 Burgho,
914 3453 967 3518 ad·
979 3452 1164 3518 faciendum
1186 3453 1310 3519 ibidem

264 3562 397 3644 portum
420 3561 569 3621 nostrum
599 3576 658 3642 pro
689 3555 891 3621 aisiamentis
924 3555 1045 3621 nostris
1074 3555 1197 3621 ibidem
1219 3577 1311 3642 pera·

264 3661 387 3746 gandia.
448 3659 530 3738 Quae
568 3657 679 3723 omnia
711 3658 886 3722 Anaelmus
921 3657 962 3722 de
999 3657 1179 3722 Stutevilla
1215 3657 1311 3723 nobie

263 3762 485 3827 confirmabat
533 3761 621 3825 Nam
642 3760 679 3824 in
700 3760 798 3826 dietis
813 3759 902 3824 villis
916 3756 1048 3826 sebaae⁵
1063 3765 1098 3826 et
1122 3761 1310 3847 perquisitae
1323 3775 1464 3841 Quarryof

263 3869 343 3929 sunt
364 3869 467 3951 petrae
489 3885 602 3929 omnes
624 3868 745 3949 praeter
778 3862 902 3949 lapides
934 3862 1085 3949 quadros,
1117 3863 1158 3928 de
1191 3864 1310 3950 quibus
1322 3845 1484 3961 ffifflf

264 3966 497 4032 monasterium
520 3971 669 4031 nostrum
701 3966 900 4031 aedifieatum
922 3965 987 4031 fuit
1009 3971 1044 4030 et
1066 3964 1310 4032 eonstructum.⁶
1322 3984 1467 4043 monastery

263 4071 461 4136 widelmus
483 4069 570 4135 finus
592 4069 734 4135 ailam
756 4070 796 4135 ao
820 4068 930 4135 Nora
953 4069 1100 4136 nnana
1121 4070 1202 4137 xva.
1218 4044 1457 4180 acram·

263 4179 298 4240 et
320 4173 500 4254 dimidiam,
523 4194 628 4238 unum
651 4172 819 4238 aellionem
842 4177 877 4238 et
891 4193 993 4237 unam
1015 4173 1180 4239 culturam
1202 4178 1308 4253 terrae,

896 4361 981 4368 --—-

299 4479 305 4507 ⁸
323 4475 510 4541 Herlettorpm]
530 4474 643 4539 wanting
654 4473 680 4523 in
692 4474 722 4523 P.
843 4471 1063 4539 ⁴c0acedebnntur]
1074 4476 1272 4537 conferebantur,
1278 4476 1308 4526 P.

297 4560 307 4586 '·’
319 4556 457 4621 pertinens]
476 4555 642 4619 pertinentem
656 4553 684 4602 in
699 4553 760 4603 both
843 4556 853 4582 ⁸
869 4553 964 4618 acisaoe]
984 4553 1062 4615 elasa,
1075 4554 1105 4604 Ε.

264 4638 342 4688 MSS.
844 4635 854 4661 ⁸
870 4631 938 4681 Nam
950 4634 975 4682 in
988 4670 994 4684 .
1007 4670 1013 4684 .
1027 4671 1033 4684 .
1045 4634 1219 4700 cemtructum]
1233 4643 1310 4686 vant-

295 4717 305 4746 ³
322 4716 398 4768 mter
408 4713 536 4766 relaxabat
546 4712 625 4765 insert
635 4714 686 4775 aad,
697 4712 727 4763 P.
811 4711 857 4778 ing
868 4711 894 4762 in
906 4712 937 4763 P.
