3232 5692
513 764 853 820 unimammas
876 766 1042 831 ossanna
1085 729 1087 733 ’
1233 753 1296 820 319

254 941 324 1009 filia
356 962 423 1008 sna.
467 940 513 1008 Et
544 941 710 1008 Rohertus
741 964 880 1031 persona
913 943 1058 1010 eeclesiae
1088 944 1129 1010 de
1162 941 1299 1010 Hotona
1311 952 1380 1004 Δ.Ι).
1395 954 1457 1007 ιι97

254 1037 349 1111 dedu
371 1045 491 1111 eisdem
516 1045 661 1110 Roberto
684 1052 718 1112 es
742 1046 877 1111 namn
901 1047 967 1112 uuo
989 1047 1076 1112 tosa
1091 1069 1165 1133 quae
1179 1025 1400 1113 ἥψω-ΜΟ·

255 1151 291 1215 in
322 1146 483 1237 Skyrena
531 1149 649 1214 Postea
680 1149 750 1235 ipse
783 1149 926 1214 Thomas
956 1149 997 1215 de
1032 1151 1159 1216 Ettona
1191 1152 1300 1217 senior

255 1255 380 1339 accepit
411 1256 473 1317 2³¹2
508 1274 644 1318 uxorem
677 1274 770 1318 suam
800 1251 1003 1318 ‘Adiciam'¹
1034 1246 1137 1317 filiam
1175 1254 1299 1320 domini

254 1355 434 1434 Wiilielmi‚
451 1377 598 1442 personae
620 1356 762 1422 eeclesiae
777 1356 818 1421 de
834 1356 1076 1442 Eggesholm03
1099 1357 1156 1441 qui
1178 1356 1299 1422 iterum

254 1461 371 1549 gennit
393 1481 436 1524 ex
459 1480 497 1524 ea
519 1465 586 1525 tres
608 1457 699 1538 filios,
720 1459 938 1524 Willielmum
961 1459 1092 1540 sedicet,
1117 1459 1299 1524 Robertum

255 1571 290 1630 et
304 1564 493 1630 Henrioum.
539 1563 615 1650 Ipse
631 1573 743 1629 autem
755 1562 951 1628 Willielmus
966 1585 1105 1649 persona
1121 1562 1162 1628 de
1178 1562 1300 1649 Egges·

255 1668 364 1735 holmo
388 1667 480 1732 dedit
494 1665 634 1753 praefato
656 1667 791 1732 Thomae
814 1665 855 1730 de
878 1666 1004 1732 Ettona
1025 1665 1146 1731 seniori
1167 1670 1300 1730 eentum

254 1793 389 1848 mareas,
410 1772 460 1835 its
489 1775 528 1835 ut
555 1770 644 1835 dioto
671 1769 851 1834 Willielmo
881 1768 997 1854 nepoti
1026 1788 1094 1845 suo,
1118 1767 1188 1832 filio
1218 1768 1301 1833 dioti

255 1874 389 1940 Thomas
413 1879 447 1939 et
469 1870 639 1959 praefatse²
655 1871 771 1938 Alioiae
793 1872 870 1936 filiae
892 1893 969 1948 suae,
993 1877 1098 1936 certas
1118 1876 1222 1936 terras
1237 1871 1301 1936 sibi

254 1984 289 2044 et
308 1976 485 2042 heredibus
500 1976 568 2041 suis
584 1976 801 2041 confirmaret.
849 1975 948 2041 Unde
963 1975 1032 2062 ipse
1047 1974 1191 2040 Thomas
1206 1974 1300 2040 dedit

254 2080 392 2168 praefato
408 2079 588 2144 Willielmo
603 2078 672 2144 filio
694 2100 754 2143 suo
776 2085 811 2143 et
834 2078 1010 2144 heredibus
1025 2077 1093 2142 suis
1109 2077 1192 2142 duas
1207 2099 1300 2143 caru·

254 2190 344 2250 eatas
378 2190 474 2248 terrae
508 2189 542 2247 et
574 2187 647 2247 ooto
680 2180 775 2259 tofta,
815 2203 954 2268 quarum
992 2181 1179 2265 aliquantas
1213 2181 1300 2246 idem

254 2286 454 2351 Willielmus
487 2284 582 2351 nobis
614 2290 726 2371 postea
762 2285 913 2350 eontulit.
962 2284 1028 2350 Sed
1060 2290 1095 2350 et
1128 2285 1151 2349 J
1154 2285 1300 2350 ohannes

254 2391 342 2455 filins
364 2394 399 2454 et
422 2389 514 2454 heres
537 2390 609 2474 ejus
631 2386 727 2452 nobis
754 2387 902 2452 residuas
934 2385 1071 2451 earum³
1100 2392 1198 2472 paeto
1225 2408 1300 2452 oon·

252 2491 357 2571 tulis*
373 2492 458 2556 siout
472 2495 587 2576 postea
610 2495 756 2575 tempore
778 2511 837 2555 suo
860 2490 923 2554 erit
941 2488 1150 2554 declaratum.
1197 2488 1300 2554 Dedit
1312 2486 1428 2554 Homsge

254 2595 356 2660 etiam
391 2592 535 2658 Thomas
573 2592 612 2658 de
647 2593 774 2658 Ettona
808 2590 917 2656 senior
954 2591 1098 2656 Roherto
1136 2591 1205 2656 filio
1241 2556 1468 2657 suosndserviee.

253 2697 372 2783 quinto
396 2696 583 2781 aliquantas
605 2701 711 2760 terras
733 2694 866 2771 ibidem,
889 2699 922 2759 et
948 2694 1138 2782 homagium
1170 2701 1203 2759 et
1234 2717 1299 2761 ser·

251 2801 375 2866 vitium
398 2800 534 2865 Thomae
556 2805 590 2865 et
605 2797 742 2863 Roberti
758 2798 799 2862 de
815 2798 1018 2884 Northorpia
1040 2799 1080 2864 de
1102 2800 1300 2864 tenementis

252 2904 321 2970 suis
344 2903 380 2967 in
403 2903 564 2989 Skyrena,
579 2901 741 2988 quorum⁶
763 2902 898 2966 servitia
920 2901 1008 2966 idem
1024 2902 1188 2967 Rohertus
1202 2902 1298 2967 nobis

253 3013 367 3094 postea
400 3005 548 3070 contulit.
610 3004 713 3069 Dedit
748 3003 873 3068 etiam⁰
898 3003 1042 3068 Henrioo
1081 3004 1150 3068 filio
1185 3026 1244 3069 suo
1278 3007 1297 3071 6

253 3107 402 3196 aliquas⁷
425 3115 529 3173 terras
552 3105 697 3172 ibidem.⁸
744 3107 789 3171 Et
822 3108 893 3192 ipse
926 3105 1068 3171 Thomas
1099 3107 1139 3171 de
1171 3108 1298 3172 Ettona

253 3213 362 3277 senior
384 3210 477 3276 dedit
500 3209 646 3274 Roberto
676 3209 745 3274 filio
769 3208 895 3275 Odardi
917 3208 1028 3274 fratris
1050 3210 1101 3273 sni
1124 3209 1188 3275 dno
1212 3211 1298 3276 tofta

252 3315 385 3391 ibidem,
410 3320 444 3379 et
468 3313 568 3378 etiam
587 3313 718 3377 cuidam
741 3311 918 3377 Willielmo
941 3311 1010 3377 filio
1033 3310 1208 3378 Willielmi
1232 3313 1297 3379 dno

252 3418 339 3484 tofta
360 3419 396 3482 in
412 3417 525 3481 eadem
548 3415 651 3482 villa.⁰
697 3415 819 3481 Omnes
842 3437 919 3502 ergo
941 3415 1088 3503 praefatae
1110 3421 1208 3482 terrae
1230 3417 1297 3482 fere
1311 3424 1329 3476 f.
1342 3430 1381 3476 35.

156 3584 159 3590 ,
253 3521 455 3586 successione
471 3525 657 3606 temporum
681 3520 724 3584 ad
746 3540 864 3584 manue
885 3525 1015 3584 nostres
1030 3523 1110 3585 sunt
1125 3520 1297 3586 devolutae.

253 3625 318 3691 Sed
341 3623 501 3711 reliquam
524 3623 749 3700 hereditatem,
773 3645 846 3688 oum
869 3622 1015 3687 servitiis
1044 3624 1193 3688 omnium
1214 3645 1297 3710 prae-

251 3729 395 3794 fatarum
425 3731 588 3791 terrarum
618 3728 653 3790 et
681 3725 824 3791 servitiis
849 3730 1013 3790 terrarum
1036 3731 1070 3791 et
1092 3731 1297 3792 tenemento-

252 3853 325 3897 rum
357 3830 398 3895 de
430 3829 527 3894 feodo
564 3851 623 3892 suo
660 3829 696 3893 in
730 3825 901 3894 Hotona¹⁰
937 3828 1174 3915 Granncewyk,
1209 3830 1297 3895 idem

254 3933 397 4001 Thomas
420 3933 529 3998 senior
543 3932 677 3999 Thomae
696 3932 765 3998 filio
788 3954 847 3998 suo
869 3933 1088 4020 primogenito
1111 3934 1294 4020 dereliquit.

286 4224 292 4252 ¹
346 4221 432 4287 iciam]
453 4221 566 4286 wanting
576 4221 604 4269 in
616 4220 644 4271 P.
834 4220 969 4288 'aliquod
989 4223 1059 4283 alias,
1072 4222 1100 4272 P.

286 4302 374 4351 2ἀίειι·
383 4339 388 4349 .
402 4340 408 4350 .
423 4301 552 4366 profata]
566 4301 679 4367 wanting
689 4301 715 4350 in
723 4301 752 4353 Ρ.
832 4303 841 4330 ⁸
859 4300 968 4351 Hearico
985 4341 992 4352 .
1011 4341 1017 4352 .
1036 4341 1042 4352 .
1061 4301 1160 4368 ibidem]
1189 4304 1233 4353 An
1256 4305 1296 4355 in·
1383 4363 1385 4366 ¹

288 4381 411 4445 warum]
431 4381 545 4444 wanting
558 4382 584 4429 in
597 4381 626 4431 P.
799 4381 957 4431 terlineetion
986 4382 1013 4431 in
1042 4382 1081 4441 1¹,
1109 4379 1159 4432 an'd
1187 4385 1295 4436 inserted

288 4462 297 4489 ⁴
313 4457 427 4524 antetulit]
448 4459 599 4517 conserebat,
612 4460 640 4510 P.
798 4462 861 4511 nster
872 4461 914 4510 the
926 4463 995 4511 void
1009 4462 1128 4525 Skyrenm
1140 4465 1227 4515 above.

287 4538 391 4589 5Λῆετ
413 4555 512 4603 quornm
536 4539 614 4589 insert
635 4539 753 4605 homagia
830 4540 928 4607 'silla]
949 4543 1062 4607 wanting
1072 4542 1099 4590 in
1112 4543 1142 4592 P.

253 4629 286 4678 et,
299 4622 331 4670 P.
832 4622 850 4650 ¹⁰
867 4621 942 4670 Aster
953 4620 1052 4670 Horoua
1065 4622 1142 4672 insert
1154 4631 1185 4684 et,
1200 4625 1227 4673 1¹.

286 4703 295 4729 ⁰
312 4699 389 4750 Dedit
400 4699 485 4763 etiam]
505 4699 547 4758 Et,
561 4699 590 4750 P.
