3232 5692
532 813 672 862 rsonas
694 811 803 860 asans
825 813 978 861 rnurrus
1215 798 1279 860 269

232 986 355 1049 conscio,
377 1003 463 1056 quern
481 984 563 1039 nulla
580 984 725 1038 industria
743 983 848 1038 elicere
872 989 994 1053 poterat.
1033 983 1171 1046 Tandem,
1190 980 1284 1052 philo·

232 1072 323 1140 sopho
350 1069 505 1139 aliquoties
532 1068 683 1132 inebriato,
704 1067 876 1121 Girebertus
906 1066 1015 1119 librum
1045 1066 1080 1120 de
1108 1066 1162 1120 sub
1188 1065 1283 1134 capite

232 1154 361 1224 positum
380 1152 523 1222 surripuit
541 1158 571 1205 et
589 1151 675 1221 sugit.
714 1150 770 1203 Ille
791 1167 859 1203 vero
887 1167 987 1203 somno
1015 1167 1154 1204 excussus
1170 1148 1283 1218 judicio

233 1237 385 1291 stellarum
404 1255 461 1307 quo
480 1235 591 1306 peritus
619 1235 716 1288 fuerat
741 1234 904 1305 fugientem
921 1233 1095 1304 insequitur.
1134 1233 1284 1302 Profugus

232 1328 330 1375 autern
349 1320 450 1374 eadem
469 1326 530 1373 arte
548 1319 713 1390 periculum
732 1319 922 1387 comperiens,
937 1318 991 1372 sub
1010 1323 1096 1389 ponte
1114 1318 1213 1387 ligneo
1232 1317 1283 1385 qui

232 1405 381 1474 proximus
400 1409 464 1457 erat
482 1421 513 1457 se
532 1403 670 1457 occubuit
687 1402 814 1456 brachiis
833 1401 978 1472 pendulis,
993 1408 1026 1455 ut
1037 1419 1091 1454 nec
1109 1418 1216 1471 aquam
1230 1417 1285 1455 nec

232 1493 342 1541 terram
360 1493 503 1557 tangeret.
543 1473 607 1555 Qua'
631 1491 693 1539 arte
720 1486 877 1556 qnaerentis
897 1485 1021 1539 aviditas
1040 1485 1143 1539 delusa
1161 1490 1191 1539 et
1209 1485 1284 1539 frus·-

232 1575 310 1624 trata
327 1570 446 1624 domum
465 1588 583 1625 reversa
610 1577 664 1624 est.
702 1571 783 1624 Tunc
812 1569 984 1624 Girebertus
1002 1569 1039 1622 ad
1065 1587 1145 1623 mare
1163 1570 1284 1623 veniens

233 1655 375 1708 accersito
394 1655 508 1708 diabolo
525 1655 696 1724 homagium
716 1654 881 1723 pollicetur,
902 1661 936 1707 ut
953 1654 1050 1723 ipsum
1069 1653 1104 1706 ab
1123 1654 1284 1708 insectante

233 1737 416 1791 defensatum
443 1738 522 1792 ultra
546 1739 670 1809 pelagus
696 1739 834 1793 eveheret
859 1744 889 1792 et
913 1737 1010 1791 omnia
1037 1737 1095 1791 sibi
1122 1737 1158 1791 ad
1182 1744 1284 1792 votum

233 1820 432 1876 succederent.
484 1821 567 1889 Quod
595 1828 625 1876 et
655 1823 764 1876 sactum
795 1829 849 1876 est.
900 1823 1026 1876 Rediens
1057 1839 1128 1892 ergo
1159 1822 1283 1877 Galliam

232 1904 364 1975 publicas
383 1905 497 1960 scholas
521 1907 625 1960 tenuit.
664 1906 886 1961 Constantinum
913 1907 1047 1961 abbatem
1067 1906 1165 1961 Sancti
1192 1907 1286 1961 Maxi·

232 1989 305 2042 mini
327 1989 412 2059 juxta
437 1989 630 2044 Aurelianum
649 2008 749 2044 secum
773 1991 885 2045 habuit.
924 1990 971 2044 Ad
990 2008 1076 2061 quern
1095 1991 1228 2061 regulam
1248 1992 1283 2045 de

233 2073 322 2126 abaco
342 2073 450 2136 edidit;
469 2072 599 2126 reddidit
617 2079 647 2127 et
664 2073 806 2127 rationem
831 2073 966 2127 diametri
985 2091 1072 2143 super
1090 2073 1283 2132 Macrobium.

233 2155 403 2227 Habuitque
423 2156 582 2227 discipulos
610 2157 771 2211 Robertum
799 2157 892 2210 filium
918 2157 1055 2226 Hngonis
1075 2157 1180 2228 Capett
1201 2160 1283 2228 regis

232 2240 374 2303 Francius,
395 2239 539 2294 Othonem
562 2240 656 2293 filium
674 2239 797 2294 Othonis
815 2240 1010 2311 imperatoris.
1050 2240 1106 2296 Sed
1126 2242 1283 2308 Robertns,

232 2323 417 2394 postmodum
437 2341 487 2377 rex
506 2323 636 2377 Franciae
649 2323 779 2386 effectus,
800 2324 870 2378 fecit
883 2325 972 2378 istum
986 2322 1172 2378 Girebertum
1191 2326 1284 2381 archi-

234 2407 404 2478 episcopum
434 2407 618 2460 Remensem.
663 2407 772 2461 Extant
798 2408 893 2461 adhuc
919 2406 997 2477 apud
1021 2406 1103 2460 illam
1130 2408 1284 2462 eeclesiam

233 2497 421 2544 monumenta
439 2491 578 2544 doctrinar
597 2508 667 2552 sum,
688 2488 874 2560 horologium
900 2497 963 2544 arte
982 2490 1150 2544 mechanica
1168 2502 1366 2562 compo-1138,

233 2574 333 2635 situm,
354 2590 463 2641 organa
481 2572 653 2642 hydraulica
671 2572 722 2625 ubi
741 2590 794 2642 per
818 2591 901 2643 aquae
929 2573 1096 2643 liquefactae
1114 2574 1284 2627 violentiam

231 2661 336 2710 ventus
355 2673 508 2724 emergens
527 2655 631 2725 implet
655 2655 866 2709 concavitatem
884 2656 1031 2719 barbatus,
1053 2674 1086 2711 ac
1107 2674 1160 2727 per
1179 2658 1284 2713 sorma-

231 2740 300 2794 tiles
319 2746 429 2794 tractus
448 2739 554 2793 fistulae
573 2757 656 2792 aereoe
675 2738 837 2793 modulatos
856 2740 997 2793 clamores
1016 2741 1162 2795 emittunt.
1200 2742 1284 2797 Post·

232 2823 351 2877 modum
370 2822 446 2877 Otho
471 2823 629 2894 imperator
656 2823 777 2877 effectus
803 2823 896 2878 erexit
923 2824 1020 2894 ipsum
1049 2822 1233 2880 Girebertum
1253 2827 1285 2881 in

232 2907 482 2978 arehiepiscopum
504 2907 766 2969 Ravennatensem,
787 2913 816 2960 et
834 2907 892 2960 cito
916 2912 983 2978 post
1000 2907 1029 2959 in
1048 2924 1162 2977 papam.
1200 2909 1284 2965 Unde

232 3006 263 3054 et
281 2999 423 3053 Silvester
441 2998 481 3051 2⁰·
500 3004 545 3052 est
562 3004 692 3052 vocatus.
732 2988 782 3053 De
805 3011 870 3073 quo
893 2996 1015 3056 eventu
1039 2997 1134 3054 extat
1148 3014 1282 3057 versus:

256 3155 274 3185 “
286 3150 427 3214 Scandit
442 3148 484 3213 ad
501 3149 539 3213 R.
556 3147 747 3212 Girebertus
762 3149 805 3213 ab
821 3149 868 3225 R„
885 3158 960 3235 post
975 3174 1059 3238 papa
1073 3153 1189 3239 vigens
1204 3153 1262 3217 R.”

234 3314 322 3393 Quia
345 3313 385 3377 de
409 3312 562 3376 Remensi
587 3312 720 3376 ecelesia
744 3312 879 3376 transiit
902 3314 945 3377 ad
970 3315 1163 3381 Ravennam
1190 3324 1225 3382 et
1250 3321 1286 3384 3⁰

234 3414 278 3478 ad
295 3415 442 3479 Romam.
480 3421 613 3492 Urgebat
631 3422 778 3474 fortunam
791 3421 884 3491 ipsius
898 3422 1046 3479 Gireberti
1058 3427 1140 3480 lavor
1158 3427 1283 3494 diaboli;

234 3533 291 3588 quo
306 3515 438 3585 juvante,
458 3513 611 3567 thesauros
637 3510 674 3564 ab
701 3511 780 3570 olim¹
798 3513 958 3568 occultatos
986 3523 1049 3570 arte
1073 3518 1287 3588 nigromantiae

233 3599 385 3669 reperiret.
424 3597 497 3649 Erat
522 3602 591 3648 tunc
619 3595 649 3647 iu
677 3594 787 3665 Campo
813 3595 921 3650 Martio
944 3598 1030 3669 juxta
1048 3600 1171 3654 Romam
1189 3610 1287 3658 statua

235 3682 368 3752 quaedam
394 3681 522 3734 dexterae
549 3696 652 3731 manus
679 3678 805 3733 indicem
830 3679 958 3749 digitum
987 3682 1096 3738 habens
1126 3693 1284 3741 extentum.

236 3766 445 3836 scriptumque
464 3764 495 3816 in
523 3762 618 3832 eapite
639 3762 728 3815 “Hic
754 3763 903 3833 pereute.”
941 3764 1023 3832 Quod
1049 3769 1209 3838 superioris
1230 3772 1285 3824 aevi

234 3849 366 3904 homiues
386 3853 521 3917 putantes
540 3846 711 3899 thesaurum
738 3845 780 3899 ibi
807 3849 937 3917 reperire
958 3854 1083 3904 statuam
1100 3852 1202 3907 multis
1221 3853 1286 3908 icti·

235 3933 289 3987 bus
309 3931 497 3985 laniaverant.
531 3927 596 3981 Hoc
609 3928 789 3998 redarguens
803 3929 984 3995 Girebertns,
999 3934 1059 3986 solo
1077 3935 1107 3987 in
1125 3936 1286 3990 meridiano

234 4021 335 4071 centro
353 4015 495 4067 existente
514 4011 647 4064 umbram
666 4011 753 4081 digiti
771 4015 883 4068 notavit
899 4016 1057 4087 palumque
1075 4018 1146 4081 fixit,
1161 4026 1191 4073 et
1202 4026 1286 4075 nocte

234 4099 353 4154 tandem
372 4095 595 4167 superveniente
623 4095 685 4148 solo
711 4096 889 4152 cubiculario
911 4099 1058 4154 lucernam
1077 4108 1210 4171 portante
1229 4117 1287 4158 ter-

236 4201 301 4237 ram
318 4181 428 4235 ibidem
446 4179 569 4250 aperuit.
597 4178 737 4250 Introque
749 4199 870 4250 gressus
882 4183 1015 4253 reginam
1027 4202 1146 4239 auream
1164 4187 1287 4242 milites-

237 4284 294 4336 que
323 4282 426 4319 aureos
454 4263 638 4332 conspicatur
656 4265 776 4318 tesseris
795 4266 892 4320 aureis
911 4267 1100 4333 colludentes,
1120 4271 1287 4327 metallinos

236 4366 339 4418 regern
371 4352 401 4401 et
429 4346 563 4415 reginam
594 4345 821 4411 discumbentes,
847 4351 980 4420 apposita
1008 4351 1136 4417 obsonia,
1157 4363 1286 4411 astantes

236 4433 399 4494 ministros,
413 4438 534 4499 patenas
553 4429 639 4482 multi
660 4429 796 4499 ponderis
817 4437 846 4485 et
863 4434 960 4502 pretii.
998 4434 1035 4488 In
1053 4436 1191 4492 interiore
1204 4447 1286 4510 parte

237 4516 342 4570 domus
361 4511 555 4568 carbunculus
573 4512 648 4582 lapis
667 4513 802 4568 tenebras
825 4516 919 4571 noctis
938 4518 1062 4589 fugavit.
1101 4521 1138 4575 In
1155 4525 1287 4593 opposito

238 4599 347 4668 angulo
366 4597 461 4651 stabat
475 4595 595 4664 juvenis
614 4614 680 4651 eum
700 4605 815 4653 extento
833 4617 913 4655 arcu.
951 4602 1010 4657 Sed
1027 4605 1058 4658 in
1075 4606 1133 4660 hiis
1152 4608 1286 4664 omnibus

237 4682 314 4740 nihil
331 4682 427 4752 potuit
444 4679 528 4750 tangi
546 4697 712 4751 quanquam
729 4682 835 4737 videri.
873 4683 948 4739 Cum
975 4688 1053 4742 enim
1078 4689 1186 4760 aliquis
1204 4708 1285 4746 acee-
