3232 5692
316 743 378 807 168
574 758 758 808 ennnm‘us
780 758 889 808 anans
912 760 1097 810 secessus.

375 1031 433 1097 IV.
468 1033 513 1098 De
536 1033 635 1099 iere-is
656 1040 687 1099 et
710 1033 905 1100 tenementis
930 1033 969 1099 in
991 1032 1134 1118 Myrene
1156 1038 1186 1098 et
1214 1028 1296 1116 nne.

148 1186 216 1236 nn).
231 1192 295 1237 nee
359 1181 516 1270 Tempore
539 1205 668 1269 quoque
690 1183 837 1270 ejusdem
860 1183 990 1248 abbatis
1013 1181 1167 1269 Philippi,
1191 1179 1358 1266 pneserip·

147 1257 273 1397 3302„
315 1288 369 1349 tus
393 1283 556 1351 noberta
578 1287 618 1351 ae
642 1286 754 1361 unsa,
777 1286 866 1351 finus
882 1285 1045 1350 ronanus
1067 1285 1108 1350 ae
1132 1282 1244 1364 uere,
1268 1282 1360 1347 aeda

148 1416 270 1531 Ιρῖῃῑος
315 1387 410 1452 nobis
433 1393 572 1474 quatuor
594 1388 734 1453 bovatas
763 1395 860 1454 terrae
891 1388 927 1453 in
958 1388 1105 1473 Mytona
1128 1393 1163 1452 et
1191 1392 1359 1472 pasturam

156 1498 188 1531 ³¹¹
216 1484 242 1532 1¹¹
369 1512 392 1555 e.
462 1492 469 1504 '
611 1491 624 1526 2
830 1491 878 1553 'ra
924 1490 931 1504 '
987 1490 1016 1553 ri
1069 1489 1103 1553 in
1128 1488 1301 1565 Humbria,
1325 1492 1360 1551 et

147 1512 397 1666 iiiiinfffidcdas
417 1491 838 1678 {zssgsaffiingeffl'ncffi
851 1512 1086 1657 lteiildmilldein
1109 1613 1174 1677 quo
1197 1591 1273 1654 aula
1295 1590 1360 1653 sita

148 1680 282 1800 {effes
314 1693 388 1775 fuit,
412 1717 486 1760 eum
514 1695 586 1760 aliis
618 1690 824 1782 pertinentiis
855 1695 931 1771 suis,
954 1700 1127 1778 tutumque
1159 1691 1359 1759 dominicum

232 1789 237 1800 '
314 1817 410 1862 suum
443 1796 531 1882 qnod
567 1804 768 1863 remanserat
800 1799 834 1863 in
873 1818 973 1861 menn
1010 1818 1077 1877 sua,
1110 1796 1243 1882 quando
1280 1795 1360 1880 ipsae
1438 1854 1445 1869 ,

314 1906 456 1985 quatuor
477 1899 607 1966 bovata
633 1906 729 1967 rena
759 1900 876 1966 divisae
905 1900 1035 1964 fuerant
1058 1922 1079 1963 a
1100 1899 1208 1963 tribus
1230 1897 1360 1962 bovatis

314 2024 395 2087 quaa
417 2003 509 2069 Anor
540 2024 624 2068 uxor
655 2004 811 2092 Hugonis
842 2003 970 2089 Oamyn
1004 2001 1128 2066 ibidem
1160 2006 1290 2066 tentum
1324 1999 1360 2063 in

313 2105 385 2169 vita
407 2127 467 2169 sua
488 2105 676 2186 retinebat3
710 2128 783 2192 qure
814 2106 924 2172 omnia
953 2105 1073 2189 dietus¹
1089 2103 1252 2168 Robertus
1274 2124 1361 2167 aece-

314 2213 408 2294 perat
445 2208 480 2271 in
516 2207 729 2295 maritngium
767 2231 841 2274 eum
880 2207 1017 2273 Matilde
1050 2228 1151 2272 uxore
1183 2227 1251 2286 aua,
1290 2204 1360 2269 filia

315 2310 467 2397 Hugonis
501 2317 536 2375 et
568 2311 690 2376 Anorm
722 2311 961 2399 pnedieterum.
1008 2308 1115 2375 Dictae
1150 2314 1261 2374 autern
1294 2314 1361 2373 tres

314 2412 446 2479 bovatae
469 2418 564 2479 terrae
586 2435 644 2501 per
666 2414 864 2480 escambium
887 2413 1084 2478 monasterio
1099 2417 1213 2478 nestro
1229 2411 1360 2476 fuerant

315 2514 478 2596 annexae,³
500 2517 585 2583 sieut
616 2522 730 2603 postea
761 2518 926 2583 referetur.
972 2516 1112 2604 Insuper
1145 2515 1273 2603 pnefati
1297 2514 1361 2579 Re-

315 2619 428 2685 bertua
450 2624 484 2684 et
507 2619 656 2685 Matildis
679 2642 763 2686 uxor
794 2643 854 2685 ana
887 2619 969 2684 duaa
1002 2630 1112 2707 partes
1143 2626 1240 2684 tense
1274 2617 1360 2683 feodi

314 2722 366 2787 sui
390 2722 442 2787 del
465 2719 556 2808 Wyk
579 2722 621 2787 de
652 2723 800 2809 Mytona,
827 2729 861 2788 et
892 2723 973 2788 duas
1005 2726 1114 2810 partes
1147 2726 1245 2786 terrae
1275 2720 1361 2785 feudi

314 2825 367 2889 sui
398 2825 439 2889 de
471 2824 736 2913 Severmtanges‚⁴
769 2834 802 2891 et
834 2831 1003 2912 pasturam
1037 2823 1250 2890 sufficientem
1284 2844 1360 2891 cecc.

314 2926 432 2992 ovibus
469 2925 591 3012 ubique
622 2927 657 2991 in
689 2948 862 2993 commune
895 2927 936 2993 de
959 2927 1106 3013 Mytona,
1138 2926 1258 2992 iterum
1282 2948 1360 2992 ven·

314 3028 478 3095 diderunt.
524 3027 693 3096 Galfridua
715 3031 815 3095 etiam
846 3030 940 3095 Brito
962 3031 1003 3095 de
1019 3029 1265 3117 Buggetborpia
1280 3030 1362 3094 duas

314 3130 451 3198 bovatas
474 3136 578 3211 teme,
601 3139 636 3199 et
658 3133 800 3199 Thomas
822 3133 911 3198 fflins
926 3133 1095 3198 Benedicti
1118 3133 1158 3197 de
1181 3132 1362 3199 Seuleottes

313 3256 412 3300 unam
452 3234 608 3301 bovatam
643 3242 748 3313 terrae,
781 3240 816 3302 et
847 3234 1063 3301 Lambertus⁶
1098 3236 1225 3322 Oamyn
1257 3257 1361 3299 unum

313 3337 443 3415 toftum,
482 3338 578 3403 nobis
615 3337 739 3405 ibidem
781 3339 934 3404 similiter
978 3337 1209 3404 vendiderunt.
1280 3338 1361 3418 Quae

313 3439 425 3504 omnia
446 3439 576 3525 praefati
603 3441 768 3507 Rebertus
802 3448 837 3507 et
871 3440 1044 3506 Matildia⁶
1065 3441 1160 3506 nobis
1192 3442 1360 3507 confirma-

313 3548 392 3606 runt
405 3566 414 3622 ;
449 3542 541 3606 salvo
572 3564 701 3630 semper
734 3544 800 3609 illis
826 3550 861 3610 et
895 3542 1070 3610 heredibus
1104 3544 1171 3609 suis
1203 3544 1361 3610 forinseco

312 3644 448 3710 seruitio
470 3644 558 3730 quod
581 3645 622 3710 de
645 3646 798 3712 omnibus
827 3646 918 3712 illis⁷
940 3647 1036 3713 terris
1059 3646 1249 3713 debebatur.
1294 3647 1361 3713 Sed

313 3751 348 3812 et
362 3746 558 3812 Willielmua
580 3747 621 3812 de
644 3748 791 3814 Suttona
814 3755 848 3814 et
871 3749 1069 3815 Benedictus
1092 3751 1133 3816 de
1157 3749 1361 3817 Seuleottes⁸

314 3849 477 3915 dederunt
507 3849 603 3916 nobis
636 3851 795 3938 reliquam
830 3858 958 3939 partem
990 3854 1043 3919 del
1070 3853 1169 3941 Wyk,
1205 3853 1360 3939 quiequid

314 3952 403 4017 intra
425 3954 547 4018 fossata
570 3953 677 4018 fuerat
707 3954 762 4019 vel
796 3959 900 4033 extra,
924 3957 1094 4042 usquead
1124 3956 1217 4022 iilum
1240 3957 1360 4022 veteris

316 4055 420 4135 Huni,
444 4057 480 4119 in
502 4077 566 4143 quo
581 4055 652 4122 loeo
667 4057 807 4145 grangia
820 4064 935 4124 nestra
950 4059 1071 4124 ibidem
1087 4058 1195 4123 fuerat
1217 4060 1360 4141 situata;

318 4211 540 4222 -——-——---.

350 4296 356 4326 ¹
370 4294 444 4347 Atter
455 4296 560 4363 Myrone
572 4298 651 4350 insert
661 4306 687 4350 et
695 4300 773 4366 Wyk,
784 4300 813 4351 Ρ.
893 4302 903 4329 ⁸
919 4300 993 4350 After
1004 4297 1151 4350 Lurabertua
1162 4299 1241 4351 insert
1252 4302 1291 4357 de,
1302 4302 1331 4351 1¹.

349 4378 360 4406 ²
375 4377 412 4441 et]
431 4378 545 4444 wanting
556 4379 582 4428 in
594 4377 624 4428 P.
890 4381 901 4409 ⁸
919 4379 994 4430 After
1005 4377 1123 4430 Merene
1135 4380 1212 4431 insert
1222 4396 1289 4431 uxor
1307 4397 1360 4445 sua,

350 4457 475 4519 'juerant
492 4460 606 4524 renuere]
632 4458 733 4510 fuerunt
755 4461 816 4510 adu·
861 4460 891 4510 l.

318 4542 392 4595 nata,
403 4536 433 4586 P.
894 4541 903 4569 ²
920 4538 981 4605 illia]
1001 4537 1163 4604 praescriptis,
1175 4540 1204 4590 P.

351 4616 360 4644 ⁴
379 4614 566 4684 Sevenatanyer]
602 4618 815 4685 Sevenr'tangher.
893 4619 1064 4686 ‘ScetcetterJ
1085 4621 1221 4682 Seulcotes,
1233 4619 1263 4671 Ρ.
