<?xml version="1.0" encoding="UTF-8"?>
<!DOCTYPE html PUBLIC "-//W3C//DTD XHTML 1.0 Transitional//EN"
    "http://www.w3.org/TR/xhtml1/DTD/xhtml1-transitional.dtd">
<html xmlns="http://www.w3.org/1999/xhtml" xml:lang="en" lang="en">
 <head>
  <title>
</title>
<meta http-equiv="Content-Type" content="text/html;charset=utf-8" />
  <meta name='ocr-system' content='tesseract 3.04.00' />
  <meta name='ocr-capabilities' content='ocr_page ocr_carea ocr_par ocr_line ocrx_word'/>
</head>
<body>
  <div class='ocr_page' id='page_1' title='image "./chronicamonaste00thomgoog_0493.png"; bbox 0 0 3232 5692; ppageno 0'>
   <div class='ocr_carea' id='block_1_1' title="bbox 236 661 969 736">
    <p class='ocr_par' dir='ltr' id='par_1_1' title="bbox 236 661 969 736">
     <span class='ocr_line' id='line_1_1' title="bbox 236 661 969 736; baseline -0.003 -9"><span class='ocrx_word' id='word_1_1' title='bbox 236 661 302 727; x_wconf 73' lang='lat'><strong>392</strong></span> <span class='ocrx_word' id='word_1_2' title='bbox 560 674 657 726; x_wconf 84' lang='lat' dir='ltr'><strong>rrneo</strong></span> <span class='ocrx_word' id='word_1_3' title='bbox 679 674 788 725; x_wconf 77' lang='lat' dir='ltr'><strong>naurs</strong></span> <span class='ocrx_word' id='word_1_4' title='bbox 809 674 969 736; x_wconf 79' lang='lat' dir='ltr'><strong>oannes</strong></span> 
     </span>
    </p>
   </div>
   <div class='ocr_carea' id='block_1_2' title="bbox 18 838 1326 3499">
    <p class='ocr_par' dir='ltr' id='par_1_2' title="bbox 18 838 1326 3499">
     <span class='ocr_line' id='line_1_2' title="bbox 59 838 1326 937; baseline 0.004 -32"><span class='ocrx_word' id='word_1_5' title='bbox 59 855 138 937; x_wconf 63' lang='lat' dir='ltr'><strong>hh.</strong></span> <span class='ocrx_word' id='word_1_6' title='bbox 154 860 310 913; x_wconf 79' lang='lat' dir='ltr'><strong>aaracnrn</strong></span> <span class='ocrx_word' id='word_1_7' title='bbox 344 848 412 913; x_wconf 86' lang='lat' dir='ltr'><strong>suis</strong></span> <span class='ocrx_word' id='word_1_8' title='bbox 445 848 635 913; x_wconf 88' lang='lat' dir='ltr'><strong>cocxulibus</strong></span> <span class='ocrx_word' id='word_1_9' title='bbox 668 848 711 914; x_wconf 85' lang='lat' dir='ltr'><strong>ad</strong></span> <span class='ocrx_word' id='word_1_10' title='bbox 743 849 873 937; x_wconf 85' lang='lat' dir='ltr'><strong>propria</strong></span> <span class='ocrx_word' id='word_1_11' title='bbox 893 846 1071 915; x_wconf 81' lang='lat' dir='ltr'><strong>revocavit</strong></span> <span class='ocrx_word' id='word_1_12' title='bbox 1083 867 1094 923; x_wconf 90' lang='lat'>;</span> <span class='ocrx_word' id='word_1_13' title='bbox 1121 838 1264 929; x_wconf 70' lang='lat' dir='ltr'><strong>quibus</strong></span> <span class='ocrx_word' id='word_1_14' title='bbox 1287 842 1326 899; x_wconf 70' lang='lat' dir='ltr'><strong>eh</strong></span> 
     </span>
     <span class='ocr_line' id='line_1_3' title="bbox 24 944 1326 1039; baseline -0.011 -24"><span class='ocrx_word' id='word_1_15' title='bbox 24 952 81 1001; x_wconf 84' lang='lat'><em>¹····</em></span> <span class='ocrx_word' id='word_1_16' title='bbox 237 949 478 1016; x_wconf 83' lang='lat' dir='ltr'><strong>restitutionem</strong></span> <span class='ocrx_word' id='word_1_17' title='bbox 503 951 663 1017; x_wconf 90' lang='lat' dir='ltr'><strong>bonorum</strong></span> <span class='ocrx_word' id='word_1_18' title='bbox 695 972 828 1016; x_wconf 87' lang='lat' dir='ltr'><strong>suorum</strong></span> <span class='ocrx_word' id='word_1_19' title='bbox 859 949 1061 1039; x_wconf 76' lang='lat' dir='ltr'><strong>repromisit.</strong></span> <span class='ocrx_word' id='word_1_20' title='bbox 1110 944 1222 1010; x_wconf 85' lang='lat' dir='ltr'><strong>Tunc</strong></span> <span class='ocrx_word' id='word_1_21' title='bbox 1247 958 1326 1017; x_wconf 80' lang='lat' dir='ltr'><strong>rex,</strong></span> 
     </span>
     <span class='ocr_line' id='line_1_4' title="bbox 239 1044 1324 1141; baseline -0.002 -24"><span class='ocrx_word' id='word_1_22' title='bbox 239 1054 375 1141; x_wconf 81' lang='lat' dir='ltr'><strong>legatus,</strong></span> <span class='ocrx_word' id='word_1_23' title='bbox 398 1053 538 1141; x_wconf 75' lang='lat' dir='ltr'><strong>episcopi</strong></span> <span class='ocrx_word' id='word_1_24' title='bbox 572 1060 609 1120; x_wconf 89' lang='lat' dir='ltr'><strong>et</strong></span> <span class='ocrx_word' id='word_1_25' title='bbox 631 1060 811 1141; x_wconf 79' lang='lat' dir='ltr'><strong>magnates,</strong></span> <span class='ocrx_word' id='word_1_26' title='bbox 833 1053 1009 1119; x_wconf 90' lang='lat' dir='ltr'><strong>concilium</strong></span> <span class='ocrx_word' id='word_1_27' title='bbox 1031 1048 1133 1139; x_wconf 87' lang='lat' dir='ltr'><strong>apud</strong></span> <span class='ocrx_word' id='word_1_28' title='bbox 1165 1044 1324 1131; x_wconf 63' lang='lat' dir='ltr'><strong>wynto-</strong></span> 
     </span>
     <span class='ocr_line' id='line_1_5' title="bbox 239 1144 1324 1243; baseline -0.009 -22"><span class='ocrx_word' id='word_1_29' title='bbox 239 1156 328 1221; x_wconf 90' lang='lat' dir='ltr'><strong>niam</strong></span> <span class='ocrx_word' id='word_1_30' title='bbox 352 1155 552 1234; x_wconf 81' lang='lat' dir='ltr'><strong>indixerunt,</strong></span> <span class='ocrx_word' id='word_1_31' title='bbox 577 1155 635 1219; x_wconf 94' lang='lat' dir='ltr'><strong>nbi</strong></span> <span class='ocrx_word' id='word_1_32' title='bbox 661 1154 842 1221; x_wconf 89' lang='lat' dir='ltr'><strong>adventurn</strong></span> <span class='ocrx_word' id='word_1_33' title='bbox 867 1154 1029 1243; x_wconf 84' lang='lat' dir='ltr'><strong>Stephani</strong></span> <span class='ocrx_word' id='word_1_34' title='bbox 1054 1144 1324 1235; x_wconf 88' lang='lat' dir='ltr'><strong>archiepiscopi</strong></span> 
     </span>
     <span class='ocr_line' id='line_1_6' title="bbox 75 1253 1322 1355; baseline -0.01 -30"><span class='ocrx_word' id='word_1_35' title='bbox 75 1276 215 1355; x_wconf 55' lang='lat' dir='ltr'><strong>hisnem</strong></span> <span class='ocrx_word' id='word_1_36' title='bbox 240 1258 392 1323; x_wconf 88' lang='lat' dir='ltr'><strong>devotius</strong></span> <span class='ocrx_word' id='word_1_37' title='bbox 414 1262 631 1344; x_wconf 76' lang='lat' dir='ltr'><strong>expectarent.</strong></span> <span class='ocrx_word' id='word_1_38' title='bbox 678 1256 752 1337; x_wconf 82' lang='lat' dir='ltr'><strong>Quo</strong></span> <span class='ocrx_word' id='word_1_39' title='bbox 774 1256 910 1323; x_wconf 89' lang='lat' dir='ltr'><strong>tandem</strong></span> <span class='ocrx_word' id='word_1_40' title='bbox 933 1256 1012 1323; x_wconf 89' lang='lat' dir='ltr'><strong>illue</strong></span> <span class='ocrx_word' id='word_1_41' title='bbox 1032 1253 1243 1325; x_wconf 72' lang='lat' dir='ltr'><strong>accedente,</strong></span> <span class='ocrx_word' id='word_1_42' title='bbox 1257 1268 1322 1313; x_wconf 85' lang='lat' dir='ltr'><strong>rex</strong></span> 
     </span>
     <span class='ocr_line' id='line_1_7' title="bbox 72 1350 1322 1460; baseline -0.006 -34"><span class='ocrx_word' id='word_1_43' title='bbox 72 1350 208 1460; x_wconf 38' lang='lat' dir='ltr'><strong>‘effim-</strong></span> <span class='ocrx_word' id='word_1_44' title='bbox 240 1358 270 1426; x_wconf 92' lang='lat' dir='ltr'><strong>ei</strong></span> <span class='ocrx_word' id='word_1_45' title='bbox 294 1382 463 1426; x_wconf 87' lang='lat' dir='ltr'><strong>occurrens</strong></span> <span class='ocrx_word' id='word_1_46' title='bbox 485 1359 673 1425; x_wconf 77' lang='lat' dir='ltr'><strong>cannellatis</strong></span> <span class='ocrx_word' id='word_1_47' title='bbox 696 1359 849 1425; x_wconf 78' lang='lat' dir='ltr'><strong>inanibus</strong></span> <span class='ocrx_word' id='word_1_48' title='bbox 869 1360 912 1425; x_wconf 90' lang='lat' dir='ltr'><strong>nd</strong></span> <span class='ocrx_word' id='word_1_49' title='bbox 934 1358 1034 1445; x_wconf 91' lang='lat' dir='ltr'><strong>pedes</strong></span> <span class='ocrx_word' id='word_1_50' title='bbox 1055 1350 1322 1441; x_wconf 80' lang='lat' dir='ltr'><strong>archiepiscopi</strong></span> 
     </span>
     <span class='ocr_line' id='line_1_8' title="bbox 73 1452 1323 1549; baseline -0.006 -24"><span class='ocrx_word' id='word_1_51' title='bbox 73 1484 118 1526; x_wconf 82' lang='lat' dir='ltr'><strong>ter.</strong></span> <span class='ocrx_word' id='word_1_52' title='bbox 241 1463 438 1549; x_wconf 81' lang='lat' dir='ltr'><strong>procidebat,</strong></span> <span class='ocrx_word' id='word_1_53' title='bbox 475 1462 669 1547; x_wconf 83' lang='lat' dir='ltr'><strong>veniamque</strong></span> <span class='ocrx_word' id='word_1_54' title='bbox 707 1461 748 1526; x_wconf 94' lang='lat' dir='ltr'><strong>de</strong></span> <span class='ocrx_word' id='word_1_55' title='bbox 786 1461 996 1549; x_wconf 71' lang='lat' dir='ltr'><strong>transgressis</strong></span> <span class='ocrx_word' id='word_1_56' title='bbox 1033 1482 1113 1527; x_wconf 89' lang='lat' dir='ltr'><strong>enm</strong></span> <span class='ocrx_word' id='word_1_57' title='bbox 1157 1452 1323 1522; x_wconf 82' lang='lat' dir='ltr'><strong>lacrimis</strong></span> 
     </span>
     <span class='ocr_line' id='line_1_9' title="bbox 72 1560 1322 1652; baseline -0.01 -18"><span class='ocrx_word' id='word_1_58' title='bbox 72 1584 195 1635; x_wconf 60' lang='lat' dir='ltr'><strong>&amp;neenec</strong></span> <span class='ocrx_word' id='word_1_59' title='bbox 240 1566 431 1652; x_wconf 73' lang='lat' dir='ltr'><strong>pratnlavit.</strong></span> <span class='ocrx_word' id='word_1_60' title='bbox 492 1566 598 1646; x_wconf 77' lang='lat' dir='ltr'><strong>Quem</strong></span> <span class='ocrx_word' id='word_1_61' title='bbox 636 1565 750 1629; x_wconf 86' lang='lat' dir='ltr'><strong>statirn</strong></span> <span class='ocrx_word' id='word_1_62' title='bbox 784 1563 1046 1651; x_wconf 79' lang='lat' dir='ltr'><strong>archiepiscopus</strong></span> <span class='ocrx_word' id='word_1_63' title='bbox 1084 1561 1240 1629; x_wconf 78' lang='lat' dir='ltr'><strong>clevans</strong></span> <span class='ocrx_word' id='word_1_64' title='bbox 1281 1560 1322 1621; x_wconf 90' lang='lat' dir='ltr'><strong>et</strong></span> 
     </span>
     <span class='ocr_line' id='line_1_10' title="bbox 73 1652 1321 1769; baseline -0.004 -40"><span class='ocrx_word' id='word_1_65' title='bbox 73 1652 226 1769; x_wconf 51' lang='grc' dir='ltr'><strong>Ζξιξῃζξῖῐῶη</strong></span> <span class='ocrx_word' id='word_1_66' title='bbox 239 1666 445 1733; x_wconf 79' lang='lat' dir='ltr'><strong>‹leonculntus</strong></span> <span class='ocrx_word' id='word_1_67' title='bbox 481 1668 567 1732; x_wconf 66' lang='lat' dir='ltr'><strong>serres</strong></span> <span class='ocrx_word' id='word_1_68' title='bbox 603 1665 744 1732; x_wconf 79' lang='lat' dir='ltr'><strong>ecclesiae</strong></span> <span class='ocrx_word' id='word_1_69' title='bbox 778 1666 892 1731; x_wconf 83' lang='lat' dir='ltr'><strong>Sancti</strong></span> <span class='ocrx_word' id='word_1_70' title='bbox 929 1664 1112 1751; x_wconf 84' lang='lat' dir='ltr'><strong>Swythuni</strong></span> <span class='ocrx_word' id='word_1_71' title='bbox 1155 1660 1321 1748; x_wconf 85' lang='lat' dir='ltr'><strong>Wyrrto-</strong></span> 
     </span>
     <span class='ocr_line' id='line_1_11' title="bbox 72 1761 1320 1844; baseline -0.006 -11"><span class='ocrx_word' id='word_1_72' title='bbox 72 1784 193 1837; x_wconf 63' lang='lat' dir='ltr'><strong>amitae.</strong></span> <span class='ocrx_word' id='word_1_73' title='bbox 240 1771 363 1835; x_wconf 87' lang='lat' dir='ltr'><strong>niensis</strong></span> <span class='ocrx_word' id='word_1_74' title='bbox 397 1768 594 1844; x_wconf 85' lang='lat' dir='ltr'><strong>introduxit,</strong></span> <span class='ocrx_word' id='word_1_75' title='bbox 626 1774 660 1833; x_wconf 91' lang='lat' dir='ltr'><strong>et</strong></span> <span class='ocrx_word' id='word_1_76' title='bbox 690 1792 712 1833; x_wconf 90' lang='lat' dir='ltr'><strong>a</strong></span> <span class='ocrx_word' id='word_1_77' title='bbox 741 1769 909 1835; x_wconf 86' lang='lat' dir='ltr'><strong>sententia</strong></span> <span class='ocrx_word' id='word_1_78' title='bbox 939 1761 1320 1833; x_wconf 83' lang='lat' dir='ltr'><strong>excommunicationis</strong></span> 
     </span>
     <span class='ocr_line' id='line_1_12' title="bbox 239 1870 1319 1959; baseline -0.004 -22"><span class='ocrx_word' id='word_1_79' title='bbox 239 1872 426 1938; x_wconf 78' lang='lat' dir='ltr'><strong>alrsnluturh</strong></span> <span class='ocrx_word' id='word_1_80' title='bbox 470 1872 505 1937; x_wconf 91' lang='lat' dir='ltr'><strong>in</strong></span> <span class='ocrx_word' id='word_1_81' title='bbox 551 1872 604 1937; x_wconf 88' lang='lat' dir='ltr'><strong>die</strong></span> <span class='ocrx_word' id='word_1_82' title='bbox 641 1870 755 1936; x_wconf 83' lang='lat' dir='ltr'><strong>Sancti</strong></span> <span class='ocrx_word' id='word_1_83' title='bbox 793 1870 942 1959; x_wconf 84' lang='lat' dir='ltr'><strong>Gregorii</strong></span> <span class='ocrx_word' id='word_1_84' title='bbox 981 1870 1053 1935; x_wconf 87' lang='lat' dir='ltr'><strong>Dea</strong></span> <span class='ocrx_word' id='word_1_85' title='bbox 1091 1875 1129 1936; x_wconf 89' lang='lat' dir='ltr'><strong>et</strong></span> <span class='ocrx_word' id='word_1_86' title='bbox 1172 1872 1319 1935; x_wconf 75' lang='lat' dir='ltr'><strong>sanctae</strong></span> 
     </span>
     <span class='ocr_line' id='line_1_13' title="bbox 239 1970 1318 2061; baseline -0.006 -22"><span class='ocrx_word' id='word_1_87' title='bbox 239 1975 381 2041; x_wconf 75' lang='lat' dir='ltr'><strong>ecelesiae</strong></span> <span class='ocrx_word' id='word_1_88' title='bbox 414 1974 619 2051; x_wconf 82' lang='lat' dir='ltr'><strong>restituebat,</strong></span> <span class='ocrx_word' id='word_1_89' title='bbox 657 1973 897 2061; x_wconf 82' lang='lat' dir='ltr'><strong>archiepiscopo</strong></span> <span class='ocrx_word' id='word_1_90' title='bbox 934 1973 1109 2039; x_wconf 84' lang='lat' dir='ltr'><strong>missarum</strong></span> <span class='ocrx_word' id='word_1_91' title='bbox 1145 1970 1318 2037; x_wconf 85' lang='lat' dir='ltr'><strong>solennia</strong></span> 
     </span>
     <span class='ocr_line' id='line_1_14' title="bbox 239 2072 1315 2163; baseline -0.007 -20"><span class='ocrx_word' id='word_1_92' title='bbox 239 2078 430 2143; x_wconf 78' lang='lat' dir='ltr'><strong>celebrante.</strong></span> <span class='ocrx_word' id='word_1_93' title='bbox 493 2078 572 2141; x_wconf 87' lang='lat' dir='ltr'><strong>Post</strong></span> <span class='ocrx_word' id='word_1_94' title='bbox 603 2076 736 2141; x_wconf 86' lang='lat' dir='ltr'><strong>missurn</strong></span> <span class='ocrx_word' id='word_1_95' title='bbox 769 2098 845 2141; x_wconf 91' lang='lat' dir='ltr'><strong>vero</strong></span> <span class='ocrx_word' id='word_1_96' title='bbox 872 2098 931 2141; x_wconf 83' lang='lat' dir='ltr'><strong>rex</strong></span> <span class='ocrx_word' id='word_1_97' title='bbox 954 2076 1119 2142; x_wconf 79' lang='lat' dir='ltr'><strong>universis</strong></span> <span class='ocrx_word' id='word_1_98' title='bbox 1141 2072 1315 2163; x_wconf 68' lang='lat' dir='ltr'><strong>repudiatis</strong></span> 
     </span>
     <span class='ocr_line' id='line_1_15' title="bbox 18 2176 1312 2265; baseline -0.004 -19"><span class='ocrx_word' id='word_1_99' title='bbox 18 2180 109 2239; x_wconf 84' lang='lat'><em>-&#39;···</em></span> <span class='ocrx_word' id='word_1_100' title='bbox 127 2198 153 2231; x_wconf 59' lang='grc' dir='ltr'><strong>ν’·</strong></span> <span class='ocrx_word' id='word_1_101' title='bbox 240 2186 344 2246; x_wconf 87' lang='lat' dir='ltr'><strong>terras</strong></span> <span class='ocrx_word' id='word_1_102' title='bbox 366 2203 442 2246; x_wconf 80' lang='lat' dir='ltr'><strong>saras</strong></span> <span class='ocrx_word' id='word_1_103' title='bbox 464 2186 499 2245; x_wconf 91' lang='lat' dir='ltr'><strong>et</strong></span> <span class='ocrx_word' id='word_1_104' title='bbox 522 2180 671 2245; x_wconf 83' lang='lat' dir='ltr'><strong>redditus</strong></span> <span class='ocrx_word' id='word_1_105' title='bbox 700 2179 824 2265; x_wconf 68' lang='lat' dir='ltr'><strong>{absque</strong></span> <span class='ocrx_word' id='word_1_106' title='bbox 854 2200 945 2244; x_wconf 90' lang='lat' dir='ltr'><strong>mora</strong></span> <span class='ocrx_word' id='word_1_107' title='bbox 967 2178 1180 2245; x_wconf 84' lang='lat' dir='ltr'><strong>restituebat.</strong></span> <span class='ocrx_word' id='word_1_108' title='bbox 1236 2176 1312 2243; x_wconf 83' lang='lat' dir='ltr'><strong>Sed</strong></span> 
     </span>
     <span class='ocr_line' id='line_1_16' title="bbox 18 2280 1311 2369; baseline 0.003 -28"><span class='ocrx_word' id='word_1_109' title='bbox 18 2298 28 2319; x_wconf 80' lang='lat'><strong>·</strong></span> <span class='ocrx_word' id='word_1_110' title='bbox 74 2294 195 2347; x_wconf 75' lang='lat' dir='ltr'><strong>‹narina—</strong></span> <span class='ocrx_word' id='word_1_111' title='bbox 241 2288 350 2348; x_wconf 85' lang='lat' dir='ltr'><strong>tarncu</strong></span> <span class='ocrx_word' id='word_1_112' title='bbox 389 2282 497 2347; x_wconf 85' lang='lat' dir='ltr'><strong>adbuc</strong></span> <span class='ocrx_word' id='word_1_113' title='bbox 528 2282 635 2369; x_wconf 84' lang='lat' dir='ltr'><strong>ipsnnr</strong></span> <span class='ocrx_word' id='word_1_114' title='bbox 673 2280 826 2368; x_wconf 76' lang='lat' dir='ltr'><strong>generale</strong></span> <span class='ocrx_word' id='word_1_115' title='bbox 864 2282 1075 2347; x_wconf 87' lang='lat' dir='ltr'><strong>interdictum</strong></span> <span class='ocrx_word' id='word_1_116' title='bbox 1115 2302 1189 2346; x_wconf 90' lang='lat' dir='ltr'><strong>non</strong></span> <span class='ocrx_word' id='word_1_117' title='bbox 1234 2280 1311 2345; x_wconf 87' lang='lat' dir='ltr'><strong>snit</strong></span> 
     </span>
     <span class='ocr_line' id='line_1_17' title="bbox 73 2364 1309 2481; baseline -0.005 -28"><span class='ocrx_word' id='word_1_118' title='bbox 73 2364 438 2481; x_wconf 53' lang='lat' dir='ltr'><strong>ffissg&#39;isffe&#39;ralaxatnm,</strong></span> <span class='ocrx_word' id='word_1_119' title='bbox 464 2408 522 2471; x_wconf 87' lang='lat' dir='ltr'><strong>pre</strong></span> <span class='ocrx_word' id='word_1_120' title='bbox 552 2408 590 2449; x_wconf 88' lang='lat' dir='ltr'><strong>eo</strong></span> <span class='ocrx_word' id='word_1_121' title='bbox 621 2383 737 2449; x_wconf 87' lang='lat' dir='ltr'><strong>saltern</strong></span> <span class='ocrx_word' id='word_1_122' title='bbox 761 2384 850 2471; x_wconf 86' lang='lat' dir='ltr'><strong>quod</strong></span> <span class='ocrx_word' id='word_1_123' title='bbox 875 2386 942 2471; x_wconf 84' lang='lat' dir='ltr'><strong>ipse</strong></span> <span class='ocrx_word' id='word_1_124' title='bbox 963 2407 1048 2471; x_wconf 77' lang='lat' dir='ltr'><strong>prtlnt</strong></span> <span class='ocrx_word' id='word_1_125' title='bbox 1072 2382 1309 2449; x_wconf 86' lang='lat' dir='ltr'><strong>Innocentius</strong></span> 
     </span>
     <span class='ocr_line' id='line_1_18' title="bbox 200 2485 1306 2573; baseline -0.002 -22"><span class='ocrx_word' id='word_1_126' title='bbox 200 2536 207 2551; x_wconf 90' lang='lat'><strong><em>.</em></strong></span> <span class='ocrx_word' id='word_1_127' title='bbox 240 2487 302 2573; x_wconf 90' lang='lat' dir='ltr'><strong>ipsi</strong></span> <span class='ocrx_word' id='word_1_128' title='bbox 341 2486 536 2571; x_wconf 88' lang='lat' dir='ltr'><strong>Pandulpho</strong></span> <span class='ocrx_word' id='word_1_129' title='bbox 573 2486 683 2573; x_wconf 78' lang='lat' dir='ltr'><strong>legate</strong></span> <span class='ocrx_word' id='word_1_130' title='bbox 728 2487 763 2551; x_wconf 90' lang='lat' dir='ltr'><strong>in</strong></span> <span class='ocrx_word' id='word_1_131' title='bbox 810 2485 975 2553; x_wconf 84' lang='lat' dir='ltr'><strong>mandatis</strong></span> <span class='ocrx_word' id='word_1_132' title='bbox 1024 2487 1162 2551; x_wconf 88' lang='lat' dir='ltr'><strong>dederat</strong></span> <span class='ocrx_word' id='word_1_133' title='bbox 1203 2485 1306 2572; x_wconf 87' lang='lat' dir='ltr'><strong>qnod</strong></span> 
     </span>
     <span class='ocr_line' id='line_1_19' title="bbox 239 2589 1305 2677; baseline 0.002 -26"><span class='ocrx_word' id='word_1_134' title='bbox 239 2590 391 2677; x_wconf 77' lang='lat' dir='ltr'><strong>generale</strong></span> <span class='ocrx_word' id='word_1_135' title='bbox 423 2590 529 2675; x_wconf 72' lang='lat' dir='ltr'><strong>ilnrrnr</strong></span> <span class='ocrx_word' id='word_1_136' title='bbox 557 2589 769 2655; x_wconf 64' lang='lat' dir='ltr'><strong>interdictum</strong></span> <span class='ocrx_word' id='word_1_137' title='bbox 793 2590 1029 2655; x_wconf 80' lang='lat' dir='ltr'><strong>relaxationem</strong></span> <span class='ocrx_word' id='word_1_138' title='bbox 1052 2589 1192 2655; x_wconf 88' lang='lat' dir='ltr'><strong>rninirne</strong></span> <span class='ocrx_word' id='word_1_139' title='bbox 1226 2610 1305 2654; x_wconf 90' lang='lat' dir='ltr'><strong>sor-</strong></span> 
     </span>
     <span class='ocr_line' id='line_1_20' title="bbox 229 2691 1304 2781; baseline -0.001 -23"><span class='ocrx_word' id='word_1_140' title='bbox 229 2693 365 2781; x_wconf 82' lang='lat' dir='ltr'><strong>¹tiretur,</strong></span> <span class='ocrx_word' id='word_1_141' title='bbox 389 2691 452 2757; x_wconf 90' lang='lat' dir='ltr'><strong>nisi</strong></span> <span class='ocrx_word' id='word_1_142' title='bbox 476 2692 644 2779; x_wconf 73' lang='lat' dir='ltr'><strong>praeniissa</strong></span> <span class='ocrx_word' id='word_1_143' title='bbox 677 2692 836 2757; x_wconf 87' lang='lat' dir='ltr'><strong>bonorurn</strong></span> <span class='ocrx_word' id='word_1_144' title='bbox 871 2692 1163 2759; x_wconf 67' lang='lat' dir='ltr'><strong>ceclesiasticorum</strong></span> <span class='ocrx_word' id='word_1_145' title='bbox 1198 2692 1304 2779; x_wconf 89' lang='lat' dir='ltr'><strong>prins</strong></span> 
     </span>
     <span class='ocr_line' id='line_1_21' title="bbox 239 2794 1302 2883; baseline 0.002 -24"><span class='ocrx_word' id='word_1_146' title='bbox 239 2800 407 2883; x_wconf 84' lang='lat' dir='ltr'><strong>raptorum</strong></span> <span class='ocrx_word' id='word_1_147' title='bbox 423 2795 641 2870; x_wconf 88' lang='lat' dir='ltr'><strong>restitutione,</strong></span> <span class='ocrx_word' id='word_1_148' title='bbox 656 2802 691 2860; x_wconf 91' lang='lat' dir='ltr'><strong>et</strong></span> <span class='ocrx_word' id='word_1_149' title='bbox 714 2816 772 2859; x_wconf 89' lang='lat' dir='ltr'><strong>rex</strong></span> <span class='ocrx_word' id='word_1_150' title='bbox 788 2795 959 2861; x_wconf 79' lang='lat' dir='ltr'><strong>dolranncs</strong></span> <span class='ocrx_word' id='word_1_151' title='bbox 980 2794 1170 2881; x_wconf 80' lang='lat' dir='ltr'><strong>hornaginrn</strong></span> <span class='ocrx_word' id='word_1_152' title='bbox 1193 2818 1302 2883; x_wconf 79' lang='lat' dir='ltr'><strong>papan</strong></span> 
     </span>
     <span class='ocr_line' id='line_1_22' title="bbox 240 2896 1299 2985; baseline 0 -22"><span class='ocrx_word' id='word_1_153' title='bbox 240 2898 435 2964; x_wconf 83' lang='lat' dir='ltr'><strong>innocentio</strong></span> <span class='ocrx_word' id='word_1_154' title='bbox 468 2919 526 2985; x_wconf 92' lang='lat' dir='ltr'><strong>per</strong></span> <span class='ocrx_word' id='word_1_155' title='bbox 559 2897 701 2983; x_wconf 87' lang='lat' dir='ltr'><strong>aliquem</strong></span> <span class='ocrx_word' id='word_1_156' title='bbox 732 2904 857 2964; x_wconf 78' lang='lat' dir='ltr'><strong>certain</strong></span> <span class='ocrx_word' id='word_1_157' title='bbox 882 2898 1027 2985; x_wconf 83' lang='lat' dir='ltr'><strong>legatum</strong></span> <span class='ocrx_word' id='word_1_158' title='bbox 1059 2896 1093 2961; x_wconf 94' lang='lat' dir='ltr'><strong>in</strong></span> <span class='ocrx_word' id='word_1_159' title='bbox 1127 2898 1299 2985; x_wconf 78' lang='lat' dir='ltr'><strong>Angliam</strong></span> 
     </span>
     <span class='ocr_line' id='line_1_23' title="bbox 239 2999 1298 3088; baseline 0 -21"><span class='ocrx_word' id='word_1_160' title='bbox 239 3000 467 3067; x_wconf 84' lang='lat' dir='ltr'><strong>transmissum</strong></span> <span class='ocrx_word' id='word_1_161' title='bbox 502 3000 594 3088; x_wconf 88' lang='lat' dir='ltr'><strong>prius</strong></span> <span class='ocrx_word' id='word_1_162' title='bbox 628 3001 805 3067; x_wconf 89' lang='lat' dir='ltr'><strong>exhiberet.</strong></span> <span class='ocrx_word' id='word_1_163' title='bbox 864 3000 943 3066; x_wconf 89' lang='lat' dir='ltr'><strong>Post</strong></span> <span class='ocrx_word' id='word_1_164' title='bbox 973 2999 1035 3066; x_wconf 88' lang='lat' dir='ltr'><strong>hoe</strong></span> <span class='ocrx_word' id='word_1_165' title='bbox 1071 3000 1298 3088; x_wconf 88' lang='lat' dir='ltr'><strong>Pandulphus</strong></span> 
     </span>
     <span class='ocr_line' id='line_1_24' title="bbox 241 3104 1298 3191; baseline 0 -22"><span class='ocrx_word' id='word_1_166' title='bbox 241 3105 366 3191; x_wconf 65' lang='lat' dir='ltr'><strong>legamus</strong></span> <span class='ocrx_word' id='word_1_167' title='bbox 389 3106 432 3169; x_wconf 92' lang='lat' dir='ltr'><strong>ab</strong></span> <span class='ocrx_word' id='word_1_168' title='bbox 463 3104 587 3187; x_wconf 63' lang='lat' dir='ltr'><strong>Augila</strong></span> <span class='ocrx_word' id='word_1_169' title='bbox 609 3104 748 3183; x_wconf 83' lang='lat' dir='ltr'><strong>recessit,</strong></span> <span class='ocrx_word' id='word_1_170' title='bbox 772 3109 806 3169; x_wconf 91' lang='lat' dir='ltr'><strong>ct</strong></span> <span class='ocrx_word' id='word_1_171' title='bbox 841 3125 953 3168; x_wconf 62' lang='lat' dir='ltr'><strong>verrsus</strong></span> <span class='ocrx_word' id='word_1_172' title='bbox 977 3104 1117 3169; x_wconf 78' lang='lat' dir='ltr'><strong>Romani</strong></span> <span class='ocrx_word' id='word_1_173' title='bbox 1147 3104 1298 3169; x_wconf 89' lang='lat' dir='ltr'><strong>tendens</strong></span> 
     </span>
     <span class='ocr_line' id='line_1_25' title="bbox 240 3206 1297 3293; baseline 0.002 -22"><span class='ocrx_word' id='word_1_174' title='bbox 240 3230 347 3291; x_wconf 76' lang='lat' dir='ltr'><strong>regern</strong></span> <span class='ocrx_word' id='word_1_175' title='bbox 385 3206 532 3271; x_wconf 76' lang='lat' dir='ltr'><strong>Franciae</strong></span> <span class='ocrx_word' id='word_1_176' title='bbox 570 3208 610 3271; x_wconf 89' lang='lat' dir='ltr'><strong>de</strong></span> <span class='ocrx_word' id='word_1_177' title='bbox 647 3206 852 3271; x_wconf 83' lang='lat' dir='ltr'><strong>Nernrannia</strong></span> <span class='ocrx_word' id='word_1_178' title='bbox 884 3206 991 3271; x_wconf 90' lang='lat' dir='ltr'><strong>redire</strong></span> <span class='ocrx_word' id='word_1_179' title='bbox 1021 3207 1136 3293; x_wconf 84' lang='lat' dir='ltr'><strong>coegit.</strong></span> <span class='ocrx_word' id='word_1_180' title='bbox 1195 3206 1297 3273; x_wconf 85' lang='lat' dir='ltr'><strong>Tune</strong></span> 
     </span>
     <span class='ocr_line' id='line_1_26' title="bbox 240 3309 1297 3393; baseline 0.004 -20"><span class='ocrx_word' id='word_1_181' title='bbox 240 3330 316 3373; x_wconf 86' lang='lat' dir='ltr'><strong>vere</strong></span> <span class='ocrx_word' id='word_1_182' title='bbox 340 3332 395 3373; x_wconf 82' lang='lat' dir='ltr'><strong>rex</strong></span> <span class='ocrx_word' id='word_1_183' title='bbox 421 3310 462 3373; x_wconf 92' lang='lat' dir='ltr'><strong>de</strong></span> <span class='ocrx_word' id='word_1_184' title='bbox 486 3309 611 3393; x_wconf 74' lang='lat' dir='ltr'><strong>hnglia</strong></span> <span class='ocrx_word' id='word_1_185' title='bbox 634 3309 667 3372; x_wconf 92' lang='lat' dir='ltr'><strong>in</strong></span> <span class='ocrx_word' id='word_1_186' title='bbox 692 3309 884 3385; x_wconf 86' lang='lat' dir='ltr'><strong>Pictaviarn,</strong></span> <span class='ocrx_word' id='word_1_187' title='bbox 907 3316 1029 3373; x_wconf 78' lang='lat' dir='ltr'><strong>terram</strong></span> <span class='ocrx_word' id='word_1_188' title='bbox 1053 3331 1156 3384; x_wconf 81' lang='lat' dir='ltr'><strong>suern,</strong></span> <span class='ocrx_word' id='word_1_189' title='bbox 1179 3309 1297 3377; x_wconf 76' lang='lat' dir='ltr'><strong>ardhuc</strong></span> 
     </span>
     <span class='ocr_line' id='line_1_27' title="bbox 239 3412 1093 3499; baseline 0.001 -22"><span class='ocrx_word' id='word_1_190' title='bbox 239 3412 405 3480; x_wconf 88' lang='lat' dir='ltr'><strong>sententia</strong></span> <span class='ocrx_word' id='word_1_191' title='bbox 430 3412 600 3477; x_wconf 87' lang='lat' dir='ltr'><strong>interdicti</strong></span> <span class='ocrx_word' id='word_1_192' title='bbox 622 3412 830 3499; x_wconf 69' lang='lat' dir='ltr'><strong>perdurante,</strong></span> <span class='ocrx_word' id='word_1_193' title='bbox 854 3412 1093 3479; x_wconf 83' lang='lat' dir='ltr'><strong>transfretavit.</strong></span> 
     </span>
    </p>
   </div>
   <div class='ocr_carea' id='block_1_3' title="bbox 18 2014 74 2073">
    <p class='ocr_par' dir='ltr' id='par_1_3' title="bbox 18 2014 74 2073">
     <span class='ocr_line' id='line_1_28' title="bbox 18 2014 74 2073; baseline 0 0"><span class='ocrx_word' id='word_1_194' title='bbox 18 2036 35 2063; x_wconf 65' lang='grc' dir='ltr'><strong>ν</strong></span> <span class='ocrx_word' id='word_1_195' title='bbox 66 2014 74 2073; x_wconf 70' lang='grc' dir='ltr'><strong>ἲ</strong></span> 
     </span>
    </p>
   </div>
   <div class='ocr_carea' id='block_1_4' title="bbox 240 3776 1292 4279">
    <p class='ocr_par' dir='ltr' id='par_1_4' title="bbox 240 3776 1292 4279">
     <span class='ocr_line' id='line_1_29' title="bbox 240 3776 1292 3867; baseline 0.008 -28"><span class='ocrx_word' id='word_1_196' title='bbox 240 3778 318 3842; x_wconf 69' lang='lat' dir='ltr'><strong>(lhl&#39;.</strong></span> <span class='ocrx_word' id='word_1_197' title='bbox 337 3776 407 3842; x_wconf 82' lang='lat' dir='ltr'><strong>XV.</strong></span> <span class='ocrx_word' id='word_1_198' title='bbox 431 3777 479 3842; x_wconf 80' lang='lat' dir='ltr'><strong>lb:</strong></span> <span class='ocrx_word' id='word_1_199' title='bbox 502 3776 715 3844; x_wconf 63' lang='lat' dir='ltr'><strong>restitutione</strong></span> <span class='ocrx_word' id='word_1_200' title='bbox 739 3778 905 3845; x_wconf 74' lang='lat' dir='ltr'><strong>laniarunt</strong></span> <span class='ocrx_word' id='word_1_201' title='bbox 926 3777 1172 3867; x_wconf 73' lang='lat' dir='ltr'><strong>{tl&#39;dleleplscnpo</strong></span> <span class='ocrx_word' id='word_1_202' title='bbox 1198 3784 1292 3849; x_wconf 65' lang='lat' dir='ltr'><strong>Uatre-</strong></span> 
     </span>
     <span class='ocr_line' id='line_1_30' title="bbox 329 3879 1290 3972; baseline 0.006 -27"><span class='ocrx_word' id='word_1_203' title='bbox 329 3879 501 3946; x_wconf 76' lang='lat' dir='ltr'><strong>ttnrrierrsl</strong></span> <span class='ocrx_word' id='word_1_204' title='bbox 522 3888 551 3946; x_wconf 84' lang='lat' dir='ltr'><strong>ct</strong></span> <span class='ocrx_word' id='word_1_205' title='bbox 574 3881 658 3945; x_wconf 79' lang='lat' dir='ltr'><strong>clero</strong></span> <span class='ocrx_word' id='word_1_206' title='bbox 668 3906 681 3961; x_wconf 88' lang='lat'><em>;</em></span> <span class='ocrx_word' id='word_1_207' title='bbox 705 3882 743 3943; x_wconf 82' lang='lat' dir='ltr'><strong>de</strong></span> <span class='ocrx_word' id='word_1_208' title='bbox 759 3882 913 3969; x_wconf 67' lang='lat' dir='ltr'><strong>lrorrntyin</strong></span> <span class='ocrx_word' id='word_1_209' title='bbox 928 3885 1016 3969; x_wconf 67' lang='lat' dir='ltr'><strong>repis</strong></span> <span class='ocrx_word' id='word_1_210' title='bbox 1031 3884 1170 3950; x_wconf 74' lang='lat' dir='ltr'><strong>‹tanim›</strong></span> <span class='ocrx_word' id='word_1_211' title='bbox 1184 3909 1290 3972; x_wconf 74' lang='lat' dir='ltr'><strong>papae</strong></span> 
     </span>
     <span class='ocr_line' id='line_1_31' title="bbox 319 3984 1289 4073; baseline 0.008 -26"><span class='ocrx_word' id='word_1_212' title='bbox 319 3984 437 4069; x_wconf 55' lang='lat' dir='ltr'><strong>sisaim·</strong></span> <span class='ocrx_word' id='word_1_213' title='bbox 470 3984 510 4047; x_wconf 85' lang='lat' dir='ltr'><strong>de</strong></span> <span class='ocrx_word' id='word_1_214' title='bbox 539 3984 756 4069; x_wconf 76' lang='lat' dir='ltr'><strong>Bercnpnrie</strong></span> <span class='ocrx_word' id='word_1_215' title='bbox 786 4009 889 4053; x_wconf 78' lang='lat' dir='ltr'><strong>unere</strong></span> <span class='ocrx_word' id='word_1_216' title='bbox 919 3987 1008 4073; x_wconf 74' lang='lat' dir='ltr'><strong>repis</strong></span> <span class='ocrx_word' id='word_1_217' title='bbox 1039 3988 1213 4069; x_wconf 81' lang='lat' dir='ltr'><strong>lticcrda&#39;;</strong></span> <span class='ocrx_word' id='word_1_218' title='bbox 1244 3988 1289 4055; x_wconf 87' lang='lat' dir='ltr'><strong>dc</strong></span> 
     </span>
     <span class='ocr_line' id='line_1_32' title="bbox 330 4086 1288 4178; baseline 0.007 -28"><span class='ocrx_word' id='word_1_219' title='bbox 330 4086 534 4153; x_wconf 73' lang='lat' dir='ltr'><strong>relerentieac</strong></span> <span class='ocrx_word' id='word_1_220' title='bbox 564 4087 743 4154; x_wconf 65' lang='lat' dir='ltr'><strong>‘iratentieti</strong></span> <span class='ocrx_word' id='word_1_221' title='bbox 755 4114 769 4167; x_wconf 91' lang='lat'><em>;</em></span> <span class='ocrx_word' id='word_1_222' title='bbox 807 4088 847 4155; x_wconf 85' lang='lat' dir='ltr'><strong>dc</strong></span> <span class='ocrx_word' id='word_1_223' title='bbox 884 4089 973 4175; x_wconf 78' lang='lat' dir='ltr'><strong>repis</strong></span> <span class='ocrx_word' id='word_1_224' title='bbox 1009 4091 1197 4178; x_wconf 61' lang='lat' dir='ltr'><strong>arrehffuctie</strong></span> <span class='ocrx_word' id='word_1_225' title='bbox 1208 4116 1223 4171; x_wconf 91' lang='lat'><em>;</em></span> <span class='ocrx_word' id='word_1_226' title='bbox 1255 4094 1288 4158; x_wconf 83' lang='lat' dir='ltr'><strong>et</strong></span> 
     </span>
     <span class='ocr_line' id='line_1_33' title="bbox 326 4189 1045 4279; baseline 0.008 -24"><span class='ocrx_word' id='word_1_227' title='bbox 326 4189 475 4275; x_wconf 76' lang='lat' dir='ltr'><strong>quodum</strong></span> <span class='ocrx_word' id='word_1_228' title='bbox 497 4190 619 4257; x_wconf 77' lang='lat' dir='ltr'><strong>Sancta</strong></span> <span class='ocrx_word' id='word_1_229' title='bbox 642 4191 741 4257; x_wconf 85' lang='lat' dir='ltr'><strong>Petro</strong></span> <span class='ocrx_word' id='word_1_230' title='bbox 764 4190 803 4259; x_wconf 82' lang='lat' dir='ltr'><strong>de</strong></span> <span class='ocrx_word' id='word_1_231' title='bbox 824 4192 1045 4279; x_wconf 75' lang='lat' dir='ltr'><strong>Pontesrcctc</strong></span> 
     </span>
    </p>
   </div>
   <div class='ocr_carea' id='block_1_5' title="bbox 71 4372 1387 4466">
    <p class='ocr_par' dir='ltr' id='par_1_5' title="bbox 71 4372 1387 4466">
     <span class='ocr_line' id='line_1_34' title="bbox 71 4372 1387 4466; baseline 0.011 -35"><span class='ocrx_word' id='word_1_232' title='bbox 71 4380 224 4461; x_wconf 54' lang='lat' dir='ltr'><strong>consponsa·</strong></span> <span class='ocrx_word' id='word_1_233' title='bbox 282 4372 361 4438; x_wconf 91' lang='lat' dir='ltr'><strong>Post</strong></span> <span class='ocrx_word' id='word_1_234' title='bbox 400 4395 537 4459; x_wconf 68' lang='lat' dir='ltr'><strong>(pirorum</strong></span> <span class='ocrx_word' id='word_1_235' title='bbox 576 4396 747 4455; x_wconf 84' lang='lat' dir='ltr'><strong>recessum,</strong></span> <span class='ocrx_word' id='word_1_236' title='bbox 787 4376 1047 4465; x_wconf 86' lang='lat' dir='ltr'><strong>archiepiscopus</strong></span> <span class='ocrx_word' id='word_1_237' title='bbox 1088 4379 1283 4466; x_wconf 86' lang='lat' dir='ltr'><strong>Stephanus,</strong></span> <span class='ocrx_word' id='word_1_238' title='bbox 1299 4387 1387 4441; x_wconf 80' lang='lat' dir='ltr'><strong>Brute</strong></span> 
     </span>
    </p>
   </div>
   <div class='ocr_carea' id='block_1_6' title="bbox 1299 4456 1456 4523">
    <p class='ocr_par' dir='ltr' id='par_1_6' title="bbox 1299 4456 1456 4523">
     <span class='ocr_line' id='line_1_35' title="bbox 1299 4456 1456 4523; baseline 0.032 -16"><span class='ocrx_word' id='word_1_239' title='bbox 1299 4456 1456 4523; x_wconf 86' lang='lat' dir='ltr'><strong>Chroniele‚</strong></span> 
     </span>
    </p>
   </div>
   <div class='ocr_carea' id='block_1_7' title="bbox 70 4454 1393 4577">
    <p class='ocr_par' dir='ltr' id='par_1_7' title="bbox 70 4454 1393 4577">
     <span class='ocr_line' id='line_1_36' title="bbox 70 4454 1393 4577; baseline 0.048 -83"><span class='ocrx_word' id='word_1_240' title='bbox 70 4454 225 4567; x_wconf 55' lang='lat' dir='ltr'><strong>ppppgaed</strong></span> <span class='ocrx_word' id='word_1_241' title='bbox 237 4482 433 4563; x_wconf 55' lang='lat' dir='ltr'>congregat„</span> <span class='ocrx_word' id='word_1_242' title='bbox 466 4478 553 4563; x_wconf 65' lang='lat' dir='ltr'><strong>„pud</strong></span> <span class='ocrx_word' id='word_1_243' title='bbox 590 4478 798 4567; x_wconf 59' lang='lat' dir='ltr'><strong>Rurlyngianr</strong></span> <span class='ocrx_word' id='word_1_244' title='bbox 833 4479 1042 4566; x_wconf 75' lang='lat' dir='ltr'><strong>praelatorum</strong></span> <span class='ocrx_word' id='word_1_245' title='bbox 1066 4483 1210 4562; x_wconf 89' lang='lat' dir='ltr'><strong>concilia,</strong></span> <span class='ocrx_word' id='word_1_246' title='bbox 1240 4484 1317 4574; x_wconf 49' lang='lat' dir='ltr'><strong>ads,</strong></span> <span class='ocrx_word' id='word_1_247' title='bbox 1334 4530 1393 4577; x_wconf 45' lang='lat'><strong>193,</strong></span> 
     </span>
    </p>
   </div>
   <div class='ocr_carea' id='block_1_8' title="bbox 68 4579 1285 4674">
    <p class='ocr_par' dir='ltr' id='par_1_8' title="bbox 68 4579 1285 4674">
     <span class='ocr_line' id='line_1_37' title="bbox 68 4579 1285 4674; baseline 0.016 -43"><span class='ocrx_word' id='word_1_248' title='bbox 68 4583 163 4637; x_wconf 68' lang='lat' dir='ltr'><strong>thurea</strong></span> <span class='ocrx_word' id='word_1_249' title='bbox 236 4579 447 4645; x_wconf 85' lang='lat' dir='ltr'><strong>tractandum</strong></span> <span class='ocrx_word' id='word_1_250' title='bbox 471 4580 550 4666; x_wconf 86' lang='lat' dir='ltr'><strong>qnid</strong></span> <span class='ocrx_word' id='word_1_251' title='bbox 584 4603 641 4647; x_wconf 87' lang='lat' dir='ltr'><strong>seu</strong></span> <span class='ocrx_word' id='word_1_252' title='bbox 665 4586 826 4667; x_wconf 68' lang='lat' dir='ltr'><strong>(parantum</strong></span> <span class='ocrx_word' id='word_1_253' title='bbox 859 4605 879 4647; x_wconf 92' lang='lat' dir='ltr'><strong>a</strong></span> <span class='ocrx_word' id='word_1_254' title='bbox 912 4606 987 4671; x_wconf 79' lang='lat' dir='ltr'><strong>rege</strong></span> <span class='ocrx_word' id='word_1_255' title='bbox 1008 4584 1164 4650; x_wconf 65' lang='lat' dir='ltr'><strong>«Iohanne</strong></span> <span class='ocrx_word' id='word_1_256' title='bbox 1186 4608 1285 4674; x_wconf 86' lang='lat' dir='ltr'><strong>expe·</strong></span> 
     </span>
    </p>
   </div>
   <div class='ocr_carea' id='block_1_9' title="bbox 0 0 1620 5692">
    <p class='ocr_par' dir='ltr' id='par_1_9' title="bbox 0 0 1620 5692">
     <span class='ocr_line' id='line_1_38' title="bbox 0 0 1620 5692; baseline 0 2"><span class='ocrx_word' id='word_1_257' title='bbox 0 0 1620 5692; x_wconf 95' lang='lat' dir='ltr'><strong> </strong></span> 
     </span>
    </p>
   </div>
  </div>
 </body>
</html>
