3232 5692
335 745 399 810 320
591 753 802 806 sanxsunra
822 755 931 806 sanus
953 754 1119 819 orsurus

165 944 233 996 Ab.
249 949 310 998 uer
333 931 466 996 Interea
488 928 687 995 Willielmus
709 929 750 993 de
773 927 964 1015 Stutevylla
985 951 1043 995 sex
1065 928 1205 996 bovatas
1221 933 1320 997 terras
1340 929 1379 995 in

164 1017 255 1109 ⁴²¹⁰:
332 1034 491 1122 praedicta
513 1032 595 1098 villa
617 1031 657 1096 de
672 1031 834 1117 Skyrena,
858 1055 925 1098 non
941 1034 1021 1099 satis
1039 1032 1131 1118 juste
1145 1032 1203 1098 sed
1225 1055 1284 1119 por
1304 1033 1381 1099 vio-

164 1095 275 1229 blidin?
331 1137 478 1215 lentiam,
493 1133 733 1221 quodammodo
756 1133 935 1201 obtinebat.
981 1133 1073 1201 Duas
1087 1157 1229 1222 namque
1242 1136 1379 1202 illarum

331 1238 469 1326 prefato
506 1237 640 1302 Thomas
678 1236 798 1302 seniori
836 1237 985 1317 abstulit,
1019 1259 1079 1325 pro
1109 1260 1148 1303 eo
1184 1239 1274 1325 quod
1304 1239 1379 1304 sine

331 1342 465 1408 lieentia
487 1340 590 1428 ipsius
605 1339 801 1405 vendiderat
821 1361 876 1404 eas
890 1340 1048 1406 fratribus
1071 1341 1111 1406 de
1134 1340 1318 1422 Wattona3
1343 1351 1378 1408 et

330 1445 472 1530 reliquas
506 1447 527 1506 4
561 1443 699 1507 bovatas
731 1447 856 1507 emerat
887 1442 956 1528 ipse
990 1443 1030 1508 de
1063 1444 1206 1529 quodam
1228 1443 1377 1510 Roberto

331 1546 502 1613 Cokerelle
525 1566 593 1610 non
608 1544 689 1609 satis
705 1545 804 1630 juste.
843 1545 915 1610 Has
930 1567 1006 1635 ergo
1021 1543 1098 1611 sex¹
1124 1547 1265 1612 bovatas
1289 1546 1378 1613 Nor-

331 1672 472 1715 mannus
496 1647 642 1734 Daynyll
658 1668 716 1734 pro
739 1647 875 1712 servitio
891 1670 950 1713 suo
965 1648 1114 1736 adeptus,
1137 1671 1192 1713 eas
1207 1649 1319 1715 domui
1334 1650 1376 1717 da

331 1752 492 1818 Fontibus
516 1773 592 1816 eum
615 1772 648 1815 se
676 1750 747 1837 ipso
770 1751 919 1816 eontulit.
967 1751 1016 1816 De
1032 1773 1098 1837 qua
1121 1751 1294 1818 demones
1308 1775 1375 1833 aas,

329 1855 417 1921 datis
450 1858 492 1918 80
520 1853 637 1919 marcis
671 1853 809 1939 argenti,
834 1853 1026 1919 emebamus
1082 1853 1146 1920 Pro
1176 1855 1376 1942 supradietis

329 1978 460 2044 quoque
482 1956 579 2022 terris
602 1960 637 2020 et
659 1954 733 2019 aliis
755 1977 836 2041 quas
851 1955 1010 2021 habemus
1033 1956 1166 2037 ibidem,
1190 1957 1231 2023 de
1253 1958 1376 2045 quibus

329 2081 395 2125 non
430 2064 480 2123 est
513 2057 610 2122 modo
644 2057 821 2123 dicendum
851 2080 909 2145 per
932 2058 1071 2146 singula,
1095 2058 1181 2127 datae
1211 2064 1291 2125 sunt
1315 2082 1377 2147 per

164 2179 280 2231 Poeans
330 2161 488 2249 paroellas
526 2162 559 2225 in
598 2159 704 2247 prima
745 2182 858 2226 earum
903 2162 1147 2248 eomparatione
1185 2163 1377 2249 quingentae

163 2246 301 2364 ffiffld
330 2264 470 2330 marae⁹
496 2273 531 2329 et
554 2285 592 2329 eo
623 2263 764 2349 amplius
795 2265 932 2351 argenti.
979 2262 1034 2343 Et,
1057 2286 1131 2329 cum
1161 2264 1284 2331 ibidem
1314 2287 1376 2331 nos

164 2397 221 2447 Suq
330 2368 436 2433 dietas
458 2372 563 2432 terras
578 2365 833 2452 requisissemus,
849 2366 1014 2433 Robertus
1029 2366 1069 2432 de
1085 2367 1219 2445 Ettona,
1235 2389 1376 2454 persona

163 2465 304 2581 ffiffpss
329 2471 471 2537 ecelesiae
494 2470 534 2534 de
562 2469 705 2544 Hotona,
731 2469 865 2534 clericus
888 2476 923 2535 et
947 2470 1120 2534 familiaris
1142 2469 1268 2536 domini
1296 2468 1375 2536 Gal·

163 2597 273 2647 tanain
329 2573 407 2639 fridi
434 2571 667 2659 archiepiscopi
695 2571 908 2637 Eboracensis
923 2572 998 2638 suit.
1044 2572 1119 2658 Ipse
1139 2594 1216 2658 ergo
1232 2573 1376 2638 decimas

165 2663 271 2730 skyme.
329 2681 491 2741 terrarum
506 2672 718 2741 nostrarum³
742 2675 781 2739 de
797 2672 950 2760 Skyrena
965 2696 1022 2761 per
1037 2673 1229 2741 violentiam
1243 2699 1264 2741 a
1279 2676 1376 2742 nobis

330 2776 556 2864 extorquebat.
603 2775 713 2863 Igitur
746 2798 844 2863 super
875 2798 912 2841 eo
943 2777 1066 2843 litteris
1088 2776 1214 2843 domini
1236 2800 1330 2865 papae
1353 2802 1375 2843 a

329 2879 424 2945 nobie
455 2877 640 2966 impetratis
663 2878 705 2943 ad
730 2877 867 2963 judiees,
900 2880 987 2944 idem
1014 2879 1178 2946 Robertus
1199 2902 1258 2967 per
1280 2880 1373 2947 bien-

329 2984 422 3048 nium
446 2983 500 3047 et‘
522 2980 662 3067 amplius
686 2981 851 3069 protraxit
873 3004 1004 3047 eausam
1034 2983 1148 3068 ipsam,
1173 2987 1289 3070 utpote
1315 2985 1373 3070 qui

329 3086 455 3173 peritus
480 3089 552 3150 erat
574 3085 609 3148 in
625 3083 704 3171 lege,
720 3083 798 3148 lieet
824 3085 867 3149 ab
889 3085 968 3170 ipsis
991 3085 1108 3170 legatis
1130 3085 1256 3150 domini
1278 3107 1374 3173 papas

329 3187 632 3255 excommunicatus
654 3186 847 3272 aliquandiu
863 3188 1037 3252 extitisset.
1082 3185 1149 3253 Sed
1165 3187 1300 3253 tandem
1314 3211 1374 3276 par

327 3291 470 3356 arbitros
485 3311 527 3354 ex
542 3295 684 3375 utraque
707 3296 802 3376 parte
830 3289 957 3370 eleetos,
981 3290 1038 3376 qui
1063 3295 1175 3355 tamen
1198 3296 1372 3378 utramque

326 3399 457 3481 partem
472 3413 539 3457 non
565 3392 738 3479 aequaliter
760 3391 929 3470 fovebant,
952 3393 1003 3458 ita
1025 3392 1114 3456 inter
1136 3415 1195 3458 nos
1218 3394 1374 3460 convenit

327 3496 414 3582 quod
437 3494 653 3582 proquodam
677 3499 770 3579 parte
791 3493 992 3560 deeimarum
1015 3499 1202 3560 nostrarum
1228 3496 1373 3582 quinque

327 3598 447 3664 solidos
477 3596 652 3662 annuatim
694 3596 757 3683 ipsi
789 3596 933 3662 Roberto
963 3601 1124 3674 daremus,
1159 3603 1193 3662 et
1230 3599 1373 3684 reliquas

326 3701 467 3766 decimas
493 3721 534 3764 ex
557 3699 686 3785 integro
706 3699 812 3764 eidem
828 3698 1036 3767 solveremus.
1081 3698 1148 3768 Sed
1170 3705 1281 3767 tamen
1303 3701 1372 3767 haee

326 3803 497 3870 eoncordia
521 3824 587 3868 non
615 3802 673 3867 diu
700 3800 919 3888 perdurabat.⁶

328 3981 451 3988 ——-‚-.
459 3981 493 3986 ....
501 3981 521 3985 -
533 3980 602 3985 -—..
612 3979 658 3985 ...-
1128 3981 1134 3984 -
1153 3978 1364 3986 ...ῳ-

360 4078 440 4142 ¹ser]
461 4075 574 4139 wanting
586 4075 646 4124 inP
907 4075 1008 4126 ‘Amr
1019 4083 1042 4124 et
1052 4076 1131 4125 insert
1141 4092 1179 4137 eo,
1191 4077 1220 4126 P.

360 4159 370 4188 ²
387 4159 411 4205 in
420 4156 502 4220 prima
520 4193 525 4205 .
545 4192 551 4206 .
569 4155 669 4220 marco]
685 4160 733 4204 400
745 4154 822 4216 librar,
906 4157 915 4183 ³
935 4153 1007 4207 Sed.
1027 4193 1033 4206 .
1051 4191 1057 4205 .
1072 4154 1238 4222 perdurabat]
1258 4157 1372 4224 wanting

327 4235 355 4286 Ρ.
874 4234 900 4284 iu
912 4234 940 4283 P.

359 4319 368 4347 ¹
386 4324 503 4367 terrarum
516 4314 665 4380 nostrarum]
679 4319 785 4376 normas,
792 4314 821 4363 P.
