3232 5692
325 723 389 787 136
651 737 752 788 anan
773 738 881 789 annas
904 739 1043 789 emuna

321 916 408 976 runt.
464 919 535 992 Ipsa
569 921 723 977 concordia
751 926 818 977 ante
846 920 943 977 natale
968 920 1086 977 Domini
1116 919 1285 976 confirmata
1314 925 1369 976 est.

320 1010 369 1066 Ad
398 1019 516 1068 octavas
543 1029 669 1084 namque
699 1012 871 1085 Epiphania
900 1029 1003 1067 rursus
1033 1010 1111 1083 apud
1138 1010 1279 1066 Oxoniam
1302 1028 1369 1067 cen·

152 1091 242 1158 Ferity
320 1103 470 1152 venerunt.
516 1094 586 1162 Ubi
611 1095 705 1182 jussu
731 1096 818 1184 regis
840 1094 1024 1183 Anglerum
1047 1115 1195 1182 proceres
1213 1103 1368 1164 fidelitates
1441 1147 1444 1153 ,

152 1161 307 1293 {mgbffity
320 1194 388 1251 duci
418 1196 507 1251 simul
536 1197 739 1262 exhibuerunt,
770 1197 836 1269 regi
871 1196 1010 1252 honorem
1045 1195 1176 1251 debitum
1211 1193 1366 1266 fidemque,

152 1297 179 1340 to
190 1293 257 1343 duke
319 1286 390 1341 dum
408 1288 531 1354 viveret,
551 1289 759 1345 conservaturi.
776 1330 784 1346 .
799 1331 807 1347 .
823 1286 835 1347 .'
853 1280 899 1346 Et
912 1302 981 1346 non
996 1279 1102 1344 multo
1117 1284 1285 1366 post,cun1
1296 1277 1367 1363 jam

151 1356 298 1491 &aare
319 1377 389 1464 ipse
411 1378 480 1444 dux
512 1401 716 1466 perannum
748 1381 784 1447 in
806 1381 928 1470 Anglia
949 1403 1008 1469 pro
1030 1379 1101 1467 ejus
1123 1379 1367 1467 recuperatione

151 1512 178 1555 a>
188 1504 254 1557 Nor·
318 1485 537 1546 commoratus
557 1481 681 1558 fuisset,
696 1487 829 1569 accepta
843 1505 865 1548 a
878 1504 953 1571 rege
967 1481 1111 1562 licentia,
1127 1479 1161 1546 N
1162 1480 1366 1547 ormanniam

151 1573 253 1641 ¹¹¹de-
318 1583 499 1668 repedavit.
515 1635 522 1649 .
538 1632 547 1649 .
565 1633 571 1649 .
590 1583 663 1649 Rex
685 1591 796 1650 autem
812 1585 1001 1674 Stephanus
1014 1582 1051 1648 in
1067 1605 1144 1670 pace
1167 1589 1246 1650 tunc
1260 1582 1367 1669 primo

318 1703 391 1770 quae
428 1683 519 1771 regie
556 1684 762 1751 debebantur
791 1685 916 1768 honeri,
954 1685 1105 1772 adoptivi
1141 1684 1203 1749 filii
1246 1685 1364 1771 gratia,

149 1785 260 1855 sapien
317 1787 564 1872 potentissimus
579 1786 761 1854 obtinebat.
783 1837 791 1853 .
813 1837 822 1854 .
844 1839 853 1855 .
877 1797 952 1854 cam
969 1813 1096 1868 namque
1114 1795 1268 1852 castellum
1286 1796 1365 1867 qued

149 1857 237 1974 {ffie
317 1893 438 1942 vacatur
463 1887 561 1942 Drake
586 1888 672 1959 juxta
696 1889 861 1946 Eboracum
886 1931 895 1946 .
917 1930 924 1945 .
946 1929 983 1944 ..
1012 1888 1164 1943 obsessum
1190 1887 1362 1958 excepisset,

148 1991 288 2042 cassand
315 1979 431 2051 aliaque
457 1980 551 2036 multa
575 1981 670 2036 victor
700 1981 882 2048 obtinuisset,
908 1989 938 2037 et
967 1980 1089 2036 castella
1121 1976 1266 2058 tempore
1295 1992 1365 2048 suu,

146 2055 281 2174 ffiff'·
314 2076 389 2158 post
423 2077 563 2139 mortem
586 2073 741 2140 videlicet
764 2074 900 2141 Henrici
923 2072 1018 2160 regis,
1039 2072 1077 2137 in
1105 2073 1260 2158 pessimos
1283 2094 1363 2138 usus

314 2174 565 2261 circumquaque
588 2181 776 2241 constructa
801 2184 952 2248 diruisset,
972 2181 1183 2237 Dorebemiam
1200 2182 1359 2254 repetebat.

145 2282 280 2338 iiieieath
315 2275 433 2361 Ibique
478 2274 515 2341 in
560 2276 773 2363 colloquendo
818 2275 931 2343 comiti
976 2271 1182 2352 Flandrensi
1228 2278 1362 2359 prepter

147 2354 278 2406 “Dm‘'
313 2378 471 2443 intimum
498 2377 642 2444 delerem
675 2381 869 2445 continuum
901 2376 943 2444 ob
973 2374 1161 2441 medietatis
1192 2375 1296 2461 regni,
1321 2381 1362 2441 ul

314 2479 446 2559 (licitur,
491 2480 709 2560 amissionem,
744 2508 812 2546 cunr
844 2489 908 2561 jam
944 2488 1005 2542 fere
1040 2484 1242 2541 novemdecim
1277 2487 1361 2543 annis
1446 2528 1448 2533 ,

313 2589 457 2646 laboriose
483 2589 572 2646 nimis
600 2596 631 2647 et
655 2590 814 2646 infeliciter
839 2593 993 2660 regnasset
1023 2577 1220 2655 infirmatus
1248 2600 1285 2644 ac
1316 2582 1357 2644 25

145 2687 272 2740 hurried
312 2682 367 2747 die
400 2681 552 2748 Octobris
581 2687 689 2747 morte
718 2685 917 2768 praeventus,
941 2679 1029 2766 apud
1055 2681 1292 2745 monasterium
1318 2681 1360 2748 de

145 2755 276 2872 ffif²¹'
313 2780 514 2848 faversham
547 2783 584 2847 in
619 2782 748 2862 Cantia,
780 2781 869 2868 quod
908 2781 979 2868 ipse
1016 2779 1224 2862 fundaverat,
1256 2782 1360 2868 juxta

146 2899 258 2951 Thena
310 2906 447 2951 uxorem
471 2889 505 2950 et
527 2883 633 2948 filium
656 2905 753 2949 suum
769 2882 985 2948 Eustachium
999 2881 1165 2968 sepelitur.
1212 2892 1360 2949 Miserunt

143 2967 189 3084 ἒξ
207 2969 292 3099 {3¹¹2}
311 3003 383 3057 ergo
401 2984 585 3041 'Ibeobaldus
609 2986 847 3057 archiepiscopus
866 2983 1085 3040 cantuariensis
1106 2990 1136 3039 et
1153 2984 1358 3056 quamplures

144 3076 428 3151 entorses-Angli&
457 3094 592 3148 proceres
618 3078 736 3135 nuutios
766 3077 938 3132 festinantes
967 3093 1021 3146 pro
1050 3075 1166 3131 domino
1195 3093 1250 3132 suo
1275 3090 1359 3154 prae·

144 3168 246 3232 mli·
310 3170 433 3257 scripto
456 3169 601 3235 Henrico
624 3179 698 3234 duce
716 3177 961 3242 Normannorum,
975 3181 1010 3231 ut
1026 3193 1151 3247 regnum
1169 3183 1357 3250 suscepturus

310 3273 511 3328 incunctanter
546 3271 706 3326 adveniret.
756 3269 919 3342 Impeditus
954 3274 1052 3324 tamen
1081 3269 1176 3330 ventis
1211 3276 1242 3324 et
1270 3270 1358 3337 mari,

310 3356 466 3427 causisque
492 3373 580 3427 quam
607 3355 752 3427 pluribus,
771 3353 873 3425 paucis
900 3352 1004 3407 diebus
1032 3357 1098 3407 aute
1123 3352 1220 3408 natale
1239 3353 1358 3411 Domini

310 3456 377 3494 cum
412 3438 538 3509 conjuge
574 3445 605 3494 et
639 3437 780 3492 fratribus
818 3437 890 3500 suis,
927 3435 1088 3506 multisque
1123 3436 1291 3507 potentibus
1327 3444 1358 3496 et

146 3531 194 3580 iiis
205 3533 298 3584 arrival
309 3523 425 3594 maguis
443 3523 545 3593 copiis,
559 3521 637 3593 apud
654 3521 820 3577 Newforest
836 3519 1025 3593 applicabat„
1043 3519 1114 3574 Fuit
1131 3525 1229 3575 autem
1247 3521 1358 3593 Anglia

143 3598 243 3649 ΗΝΘ*
309 3606 372 3661 siue
396 3622 468 3676 rege
504 3605 587 3676 qnasi
623 3621 673 3660 sex
707 3602 907 3659 hebdomadis.
944 3603 1053 3657 Tamen
1080 3601 1137 3657 Dei
1162 3603 1259 3674 gratia
1284 3622 1358 3676 pras-

142 3664 238 3715 Fffl't·
310 3689 445 3745 veniente
470 3706 541 3759 pace
567 3705 626 3743 non
652 3688 757 3751 caruit,
778 3686 827 3741 vel
853 3704 907 3758 pro
930 3685 1012 3758 regis
1037 3701 1135 3740 amore
1162 3687 1278 3742 venturi
1303 3706 1356 3754 seu

144 3791 282 3843 munna-
309 3782 426 3837 timore.
471 3771 685 3858 Praescriptus
718 3775 830 3836 autem
860 3770 1050 3856 Stephanus
1082 3791 1149 3847 rex,
1174 3770 1252 3834 dum
1284 3793 1357 3859 reg·

142 3858 253 3988 ξξξρξὲη
310 3879 414 3954 naret,
445 3877 521 3961 post
553 3873 780 3939 fundationem
815 3871 1005 3939 monosterii
1041 3872 1147 3937 nestri
1178 3872 1218 3937 de
1253 3873 1357 3948 Melta

141 3993 287 4042 cethema
310 3979 453 4061 quatuor
474 3975 580 4054 annis,
603 3975 758 4062 quicquid
780 3979 861 4040 tune
882 3974 977 4040 nobis
1000 3972 1228 4060 conferebatur
1261 3976 1356 4041 nobis

142 4058 287 4175 ffifg‘ff
311 4077 530 4154 confirmavit,
555 4077 696 4142 liberum
719 4081 754 4141 et
769 4075 919 4162 quietum
942 4075 983 4140 ds
1006 4073 1189 4161 Danegyld,
1212 4077 1355 4157 murdro,

141 4192 175 4241 sii
188 4192 254 4273 their
312 4183 347 4243 et
381 4178 423 4244 de
454 4178 608 4244 omnibus
639 4177 763 4264 geldis3
787 4200 862 4243 cum
893 4197 968 4242 soca
1001 4181 1036 4241 et
1058 4197 1140 4256 saca,
1173 4182 1208 4242 et
1241 4178 1289 4243 tol
1320 4187 1354 4250 et

138 4272 433 4359 mmm-theam,
457 4285 492 4346 et
506 4280 722 4367 infangtheof,
745 4285 868 4346 etcum
883 4279 958 4344 aliis
972 4278 1186 4344 libertatibus
1208 4286 1242 4345 et
1264 4283 1355 4367 quie-

309 4381 428 4448 tantiis
457 4403 532 4448 cum
559 4382 680 4468 quibus
706 4381 841 4448 ecclesia
867 4381 958 4447 beati
984 4380 1076 4447 Petri
1110 4380 1354 4476 [Eborscensis]

307 4489 399 4550 tenet
421 4489 455 4550 et
479 4483 588 4548 habet
