3232 5692
578 809 676 861 anau
698 809 807 861 annas
829 809 969 861 ramus.
1251 793 1295 857 89

265 1080 337 1146 VI.¹
362 1074 411 1146 Dc
431 1076 628 1165 pemalopta
649 1075 845 1144 uobiltam²
866 1072 1031 1146 comitum
1052 1077 1281 1158 Alberacrlioe,

543 1178 780 1268 furadctomma
798 1184 1011 1290 marmiun..

294 1335 367 1413 Sed,
389 1335 469 1420 quia
489 1334 559 1421 ipse
582 1331 780 1398 Williclmus
794 1331 826 1396 le
841 1331 945 1398 Groos
960 1353 1067 1398 comes
1088 1333 1299 1401 Albemarliae

249 1442 361 1502 noster
392 1436 549 1501 fundator
582 1434 656 1513 fuit,
691 1439 732 1500 ut
761 1434 943 1521 praefertur‚
978 1439 1084 1500 restat
1117 1435 1229 1502 nunc³
1258 1439 1299 1503 de

249 1538 320 1623 ejus
342 1537 603 1602 antecessoribus
625 1534 784 1623 ejusque⁴
803 1536 981 1602 heredibus
1003 1537 1178 1623 praeclaris,
1202 1540 1300 1605 comi-

248 1640 339 1705 tibus
364 1638 573 1704 Albemarliae
596 1644 631 1704 et
653 1637 795 1704 dominis
817 1638 857 1703 de
873 1638 1114 1718 Holdernesse,³
1136 1643 1301 1730 paulisper
1313 1657 1460 1725 Genealogy

249 1742 430 1819 attendere,
445 1763 526 1827 quos
547 1732 695 1807 breviter
725 1740 913 1806 intenditur
950 1742 1115 1809 memoriae
1138 1726 1468 1844 commen-§mm

250 1845 333 1909 dare.
359 1843 476 1910 Comes
490 1844 656 1929 quondam
668 1842 867 1931 Campaniae,
881 1864 982 1930 nepos
990 1843 1077 1931 regis
1089 1845 1299 1926 Francorum,
1312 1860 1398 1920 merle,

248 1945 393 2011 habebat
427 1946 591 2031 quendam
632 1943 747 2022 filium,
780 1944 921 2010 militem
959 1947 1133 2033 egregium,
1170 1925 1421 2043 nominefflgf

251 2048 407 2114 Odonem.
454 2047 529 2127 Qui,
552 2053 687 2133 propter
708 2045 921 2112 homicidium
944 2048 1113 2133 cujusdam
1135 2052 1301 2137 magnatis
1313 2074 1377 2110 nese.

250 2155 346 2215 terrae
379 2149 475 2227 illius,
510 2148 586 2213 inde
628 2149 766 2234 fugiens,
807 2148 849 2212 ad
884 2149 1098 2216 Willielmum
1140 2152 1301 2233 Nothum,

251 2252 307 2337 qui
353 2250 419 2315 fuit
468 2250 539 2315 dux
588 2249 805 2314 Normanniae
839 2255 875 2315 et
915 2257 1028 2337 postea
1064 2275 1124 2318 rex
1160 2255 1301 2342 Angliae,

251 2353 412 2440 pervenit.
459 2353 568 2429 Porro,
592 2353 812 2437 coadjuvante
844 2353 969 2418 dictum
1020 2354 1168 2421 Odonem
1199 2358 1304 2423 archi-

252 2457 402 2543 episcopo
425 2454 685 2541 Rothomugcnsi
708 2476 786 2541 erga
815 2454 925 2540 ipsum
947 2478 1056 2544 regem
1080 2456 1304 2539 Williclmum,

253 2558 345 2648 dedit
366 2558 397 2621 ei
420 2557 577 2642 praefatus
598 2577 657 2620 rex
678 2578 822 2621 sororem
837 2578 930 2621 suam
952 2558 988 2622 in
1010 2581 1154 2626 uxorem.
1210 2563 1303 2628 Post-

253 2682 352 2745 quam
383 2665 495 2724 autem
534 2658 706 2723 celebratae
752 2664 831 2722 sunt
877 2661 1012 2745 nuptiae,
1060 2662 1133 2727 Odo
1171 2666 1303 2752 rogavit

253 2761 393 2827 eundem
415 2761 692 2847 archiepiscopum
726 2764 767 2824 ut
798 2767 988 2847 suggereret
1019 2764 1088 2850 regi
1121 2765 1199 2831 dare
1239 2767 1302 2832 sibi

252 2863 341 2928 unde
363 2884 501 2928 uxorem
524 2884 617 2927 suam
652 2862 739 2926 alere
761 2869 871 2949 posset
890 2888 898 2941 ;
927 2869 961 2929 et
991 2867 1144 2952 exposuit
1166 2869 1197 2933 ei
1228 2891 1303 2934 cau-

253 2983 322 3030 sam
348 2986 448 3050 quare
472 2965 512 3029 de
544 2971 634 3030 terra
667 2986 727 3028 sua
755 2965 956 3050 jampridem
979 2968 1141 3054 fugisset.⁰
1200 2971 1303 3036 Dedit

253 3064 358 3154 ergo⁷
380 3089 440 3132 rex
472 3067 560 3131 dicto
593 3065 703 3130 Odoni
735 3067 876 3131 insulam
908 3068 948 3132 de
980 3070 1204 3138 Holdernesse.
1259 3074 1305 3138 Et

253 3170 323 3256 ipse
345 3169 432 3233 idem
455 3168 714 3253 archiepiscopus
737 3168 831 3233 dedit
864 3169 971 3234 eidem
1001 3172 1110 3238 Odoni
1133 3175 1305 3240 civitatem

254 3271 474 3343 Albemarliae,
498 3277 537 3335 ut
568 3271 604 3333 in
637 3270 903 3355 expeditionibus
925 3278 1011 3338 esset
1033 3274 1178 3359 ejusdcm
1200 3279 1306 3343 archi-

255 3373 397 3460 episcopi
412 3373 556 3459 signifer,
579 3393 653 3436 cum
677 3372 788 3436 decem
811 3372 981 3438 militibus.
1026 3375 1172 3443 Dederat
1193 3384 1305 3445 autem

254 3474 412 3562 praefatus
452 3496 512 3539 rex
535 3472 659 3538 dictam
682 3473 826 3538 insulam
861 3472 925 3539 de⁰
948 3473 1168 3545 Holdernesse
1190 3480 1306 3569 prius⁰

255 3577 355 3642 militi
379 3576 508 3641 cuidam
539 3575 634 3641 valde
666 3575 769 3661 probo
800 3580 836 3640 et
866 3577 902 3641 in
935 3579 1036 3644 armis
1066 3582 1216 3668 probato,
1248 3585 1307 3672 qui

255 3702 329 3744 cum
353 3679 424 3765 ipso
447 3679 484 3742 in
505 3676 663 3764 Angliam
687 3682 834 3759 venerat,
858 3678 1011 3766 Drugoni
1035 3683 1075 3747 de
1098 3682 1131 3748 la
1154 3684 1306 3765 Bouerer,

256 3779 460 3859 Flandrensi,
498 3780 555 3865 qui
592 3780 781 3844 construxit
836 3781 1009 3847 castellum
1055 3784 1095 3850 de
1140 3786 1308 3875 Skypse.¹⁰

206 3953 210 3963 ,
257 3882 390 3947 Habuit
423 3888 536 3946 autem
571 3881 659 3946 idem
690 3880 806 3968 Drugo
837 3903 974 3948 uxorem
1009 3887 1182 3973 quandam,
1221 3891 1307 3977 regis

256 3990 439 4071 cognatam,
462 4004 560 4069 quam
584 3983 694 4048 omine
716 3983 861 4050 infausto
890 3986 1067 4055 interemit.
1113 3990 1194 4056 Post
1216 3993 1308 4079 cujus

291 4229 297 4256 ¹
316 4225 372 4275 The
384 4223 489 4274 ceventh
500 4223 603 4287 chapter
614 4223 641 4272 in
652 4222 684 4274 P.
838 4227 940 4279 ‘Ater
951 4229 1062 4296 suqiaaet
1078 4231 1164 4293 insen,
1182 4233 1227 4283 Ad
1248 4250 1308 4301 sug-

289 4305 300 4334 ¹
317 4301 442 4369 nobilium]
461 4302 646 4366 praeclarorum,
657 4302 687 4353 P.
806 4306 937 4372 gestionen
949 4323 1010 4375 ergo
1018 4311 1208 4378 archiepiscopi,
1219 4315 1250 4365 P.

291 4382 393 4432 ’Asser
413 4397 477 4430 auae
502 4379 574 4430 utin
593 4380 643 4439 E.;
672 4381 761 4430 erased
838 4387 932 4452 ἐφ]
951 4387 1027 4449 idem,
1038 4389 1069 4439 P.

259 4461 286 4511 in
298 4461 329 4512 P.
839 4465 954 4516 ’ἀὶεεαηι
976 4466 1079 4518 aunum
1106 4471 1148 4537 de]
1177 4475 1308 4541 prascrip-

200 4592 216 4613 ὸ
292 4543 429 4609 ⁴ejusque]
449 4548 474 4592 et
485 4541 545 4603 suin,
556 4541 587 4593 P.
806 4546 907 4606 ΜΡ.

201 4616 215 4655 ⁸
293 4623 420 4672 ’dammis
431 4619 642 4688 deHolderaeeae]
656 4620 762 4673 omitted
839 4614 950 4686 ’priua]
970 4623 1093 4688 perprius,
1104 4623 1134 4675 P.

260 4701 328 4752 inP,
841 4700 861 4729 ¹'
879 4697 988 4768 Shypae]
1008 4701 1128 4767 Skypsee,
1138 4703 1168 4755 P.
