3232 5692
325 749 389 813 144
653 760 752 811 anau
773 760 882 811 ansas
904 761 1040 815 ramus

155 956 266 1007 'rheda-
322 933 451 1020 reperit.
486 931 636 998 Necdum
652 931 769 998 militis
784 931 909 998 Christi
924 933 1089 1001 daemones
1105 932 1232 1018 injuria
1246 933 1367 1013 satiati,

156 1024 303 1087 “¹⁰⁰⁸‘'”ss
322 1039 498 1100 traxerunt
520 1055 596 1099 eum
618 1039 732 1100 contra
753 1038 912 1100 austrum.
957 1035 1004 1099 Et
1026 1056 1098 1100 ecce
1121 1034 1211 1100 vidit
1234 1039 1314 1101 ants
1335 1057 1370 1102 se

155 1089 304 1205 pvlpdspptp
321 1135 489 1200 flammam
511 1134 717 1200 teterrimam
739 1141 774 1200 et
796 1134 971 1222 sulphureo
993 1135 1109 1202 foetore
1131 1139 1307 1224 putentem
1329 1136 1371 1203 de

155 1220 309 1338 milich
322 1242 422 1323 puteo
445 1235 587 1322 quodam
609 1236 793 1313 ascendere,
808 1242 843 1301 et
859 1236 1006 1302 homines
1020 1236 1127 1302 nudos
1150 1239 1263 1324 igneos
1286 1239 1371 1306 siout

157 1354 174 1404 h
219 1368 252 1404 nn
322 1335 503 1404 scintillas¹
530 1339 540 1401 i
566 1360 642 1402 neca
675 1358 805 1402 sursum
828 1337 863 1401 in
885 1358 959 1403 aere
994 1338 1117 1417 'acturi
1165 1340 1199 1404 ui
1358 1380 1372 1394 ·

156 1370 310 1550 ffiff'ffi·
323 1462 451 1505 marum
473 1440 509 1505 vi
531 1361 568 1503 ill
590 1445 691 1526 puteo
713 1443 748 1505 et
771 1439 847 1526 igne
881 1362 1002 1506 iterunl
1035 1346 1256 1523 (Ιεοίἀθῖιιιιῑῗ
1272 1341 1371 1531 dldelb

156 1565 296 1630 moyam
324 1542 489 1608 daemones
511 1541 633 1606 infami
655 1541 830 1606 introitum
860 1549 1103 1629 nuncuparunt.
1150 1544 1224 1626 Quo
1255 1569 1372 1634 appro-

156 1631 210 1748 {ffi‘
218 1630 312 1748 ffirm-
323 1646 471 1733 priantes
493 1643 786 1730 praecipitaverunt
808 1664 842 1708 se
865 1643 952 1730 ipsos
974 1645 1010 1709 in
1032 1651 1178 1733 puteum,
1201 1648 1372 1715 trahentes

157 1763 273 1880 pppntaru
323 1767 432 1812 secum
454 1745 605 1863 militem.
652 1743 755 1862 Cujus
776 1767 875 1832 poena
897 1745 979 1862 adeo
1001 1747 1220 1865 intolerabilis
1242 1751 1307 1816 suit
1331 1755 1372 1817 ut

157 1839 418 1947 saffirhlspaene
451 1870 502 1913 sur
530 1846 713 1913 Salvatorrs
742 1867 863 1912 nomen
895 1853 941 1914 su
974 1848 1108 1917 obhtus.
1154 1851 1226 1917 Deo
1257 1859 1371 1919 tamen

156 1962 272 2107 llll·
323 1952 515 2120 llll?
539 1950 1089 2120 tt.{n‘⁹tl'¹⁸n¹lllllll
1105 1953 1233 2075 Μ

1117 2079 1193 2122 eum
1224 2081 1260 2123 1n
1337 2080 1372 2123 re

157 2109 296 2239 :Subdiu
324 2155 470 2273 projecit
516 2154 665 2240 Cumque
688 2176 722 2220 se
744 2153 787 2219 ab
810 2176 865 2221 ore
892 2155 984 2242 putei
1007 2156 1203 2274 subtrabens
1225 2081 1373 2226 antidea

157 2241 243 2293 Μ*
325 2264 360 2326 et
392 2278 547 2346 ignorans
580 2277 645 2343 quo
679 2278 713 2322 se
743 2260 896 2337 verteret,
929 2279 1050 2344 egressr
1081 2267 1161 2326 sunt
1196 2261 1237 2327 de
1272 2267 1373 2348 puteo

158 2359 262 2476 lt
324 2359 956 2527 inuclustella
1254 2363 1372 2531 “lu

158 2497 289 2650 pppearto
325 2570 343 2601 “
366 2513 551 2629 ducemusl'
598 2563 681 2629 Inde
696 2583 772 2650 ergo
799 2512 967 2629 trahentes
987 2564 1128 2632 militem
1140 2487 1373 2654 npdeil’bldldiunt

157 2637 313 2754 ffiffiss
325 2667 368 2732 ad
399 2666 523 2731 flumen
567 2664 730 2751 quoddam
764 2664 962 2730 latissimum
997 2672 1032 2733 et
1063 2668 1216 2735 foetidum
1253 2673 1372 2748 totum,

157 2768 302 2895 pappant
325 2765 778 2935 quapitspllplpurpininppndii
795 2766 933 2934 gapgma
960 2775 1158 2936 cooperftum
1183 2772 1372 2890 daemonum

239 2921 245 2934 .
325 2891 497 2935 muiur
599 2891 794 2946 eu‚uo
893 2891 1069 2936 monesrn
1358 2913 1373 2925 ·

157 2919 286 3103 {lividis
323 2971 416 3038 bant.
478 2890 585 3036 Ultrd
614 2969 702 3057 quod
730 2889 822 3057 (bons
859 2993 945 3036 unus
982 2895 1373 3050 lubricirblublnlbiffimdt

216 3069 256 3120 μ’
402 3074 455 3138 ilis
476 3072 532 3138 val
555 3094 582 3148 e,
605 3076 639 3137 ct
664 3072 732 3137 alte
755 3073 791 3136 in
813 3093 888 3138 ace
1072 3128 1079 3155 ‚
1365 3131 1372 3156 ,

323 3095 504 3264 {reloquem
527 3073 668 3240 danaim
689 3095 871 3260 oportebad.
914 3078 1373 3245 edlenddllnddrddeddlddbbludt

324 3278 475 3344 turbines
512 3280 755 3342 commoventes
796 3276 936 3342 militem
969 3278 1010 3344 de
1042 3287 1143 3367 ponte
1176 3282 1211 3345 in
1248 3281 1373 3347 flumen

324 3379 478 3466 projicere
501 3377 712 3457 conabantur,
736 3382 775 3442 ut
797 3378 885 3458 socii,
901 3380 958 3464 qui
981 3380 1016 3444 in
1039 3403 1077 3446 eo
1099 3388 1217 3461 essent,
1239 3390 1373 3471 captum

159 3492 306 3572 {lacryma
325 3483 360 3546 in
394 3482 560 3546 infernum
593 3481 828 3565 demergerent.
890 3482 1003 3569 Coepit
1039 3505 1116 3571 crgo
1151 3485 1254 3562 miles,
1290 3486 1372 3551 Jesu

159 3560 275 3691 fflnff'
325 3585 456 3649 nomine
479 3583 642 3661 invocato,
677 3603 775 3667 super
807 3588 941 3668 pontem
973 3583 1124 3651 incedere
1158 3587 1372 3672 pedetentim.

160 3691 298 3746 theaiuof
326 3686 420 3751 Nihil
443 3685 546 3771 igitur
568 3684 685 3749 lubrici
716 3684 777 3748 sub
812 3685 950 3770 pedibus
982 3688 1128 3754 sentiens
1149 3688 1264 3754 firmus
1286 3691 1373 3755 ince-

158 3756 242 3813 ’Μ’
326 3788 434 3864 debat,
458 3792 492 3852 et
515 3808 579 3870 quo
602 3785 703 3850 altius
733 3786 881 3851 ascendit
909 3809 947 3852 eo
981 3790 1209 3875 spatiosiorem
1239 3797 1372 3877 pontem

325 3889 465 3957 invenit.
512 3888 612 3952 Porro
635 3888 799 3953 daemones
829 3889 968 3954 ulterius
998 3893 1149 3978 progredi
1172 3914 1238 3957 non
1261 3892 1375 3956 valen-

327 4000 377 4060 tes
399 3993 442 4057 ad
476 3991 592 4077 pedem
623 3990 734 4076 pontis
777 3994 951 4070 steterunt,
983 3993 1112 4079 lapsum
1148 3993 1266 4058 militis
1291 4016 1373 4081 prae·

329 4097 496 4163 stolantes.
542 4093 700 4159 Videntes
737 4097 848 4157 autem
886 4115 960 4158 eum
999 4095 1099 4161 libere
1136 4096 1286 4173 transire,
1326 4097 1375 4161 ita

330 4197 523 4265 clamoribus
544 4217 651 4261 aerem
667 4201 901 4261 concusserunt
922 4200 962 4261 ut
980 4197 1219 4262 intolerabilior
1233 4199 1263 4263 ei
1285 4198 1376 4263 vide·

328 4309 421 4367 retur
443 4299 540 4380 hujus
563 4298 686 4363 clamor
708 4297 852 4362 horroris
875 4320 973 4383 quam
997 4299 1109 4385 aliqua
1131 4302 1374 4388 praeteriturum

676 4627 682 4658 ¹
700 4623 833 4692 scintillas]
851 4624 965 4687 nintillas,
976 4625 1032 4678 MS.
