3232 5692
617 822 715 872 uolat
737 820 845 870 ABBAS
867 820 1003 870 PRIMUS.

628 1488 1004 1568 APPENDIX.

327 1927 500 2001 ¹Hujusque
518 1929 631 1987 abbatie
650 1935 790 2002 tempore,
809 1931 897 1986 tertio
915 1949 990 1987 anno
1007 1949 1025 1987 e
1042 1931 1210 1988 fundatione
1228 1949 1341 1989 monas·

291 2014 358 2070 terii
370 2015 473 2079 nostri,
489 2014 612 2070 Sanctus
630 2015 797 2072 Bernardus
810 2017 899 2071 abbas
918 2016 1161 2081 claraevallensis,
1181 2017 1340 2074 multorum

290 2105 468 2156 tractatuum
499 2101 637 2171 egregius
669 2101 848 2172 conscriptor
878 2102 1097 2172 multorumque
1132 2101 1340 2157 miraculorum

290 2190 481 2257 perpetrator,
510 2192 626 2240 centum
654 2186 862 2257 sexagintaque
886 2187 1130 2242 monasteriorum
1148 2193 1339 2251 constructor,

291 2272 321 2325 in
347 2286 400 2325 suo
424 2271 601 2324 monasterio
628 2269 683 2324 clx.
710 2269 865 2324 monachos
897 2271 1074 2342 relinquens,
1105 2269 1282 2326 obdormivit
1309 2272 1341 2327 in

292 2355 425 2409 Domino.
461 2353 552 2425 Hugo
581 2354 617 2408 de
648 2353 754 2408 Sancto
783 2354 904 2410 Victore
933 2362 964 2409 et
993 2355 1137 2410 Ricardus
1167 2356 1204 2410 de
1235 2355 1372 2411 Sanctus.
1385 2365 1423 2410 la.

292 2440 421 2502 Victore,
442 2438 494 2508 qui
512 2438 597 2509 plura
624 2439 765 2508 opuscula
790 2439 945 2501 dicteuunt,
972 2439 1141 2494 floruerunt.
1187 2439 1340 2495 Gratianus

291 2525 449 2579 monachus
469 2523 499 2576 in
517 2521 647 2576 Bononia
665 2522 833 2593 compilavit
851 2522 994 2588 Decreta;
1017 2523 1101 2594 cujus
1120 2524 1210 2577 frater
1228 2541 1342 2593 genna·

291 2627 346 2664 nus
365 2609 472 2663 Petrus
491 2607 682 2670 Lombardus,
703 2607 857 2678 episcopus
876 2608 1062 2672 Parisiensis‚
1083 2606 1253 2678 compilavit
1271 2626 1340 2680 qua·

291 2701 358 2748 tuor
370 2693 461 2747 libros
475 2691 711 2756 Sententiarum
732 2691 904 2762 psalterium
918 2709 1033 2762 quoquc
1052 2698 1082 2747 et
1099 2689 1237 2763 epistolae
1256 2693 1340 2747 Pauli

291 2777 426 2847 glosavit.
464 2775 657 2847 Hildegerdis
675 2775 809 2830 monialis
821 2775 929 2831 floruit.
965 2776 1142 2831 Willielmus
1161 2797 1212 2833 rex
1230 2777 1341 2833 Cicihm

293 2864 362 2918 fecit
391 2862 562 2931 homagium
592 2860 723 2915 Adriano
753 2878 835 2932 pupae
866 2867 980 2932 quarto,
1013 2868 1043 2916 ct
1072 2867 1182 2918 terram
1212 2863 1248 2917 ab
1277 2863 1341 2933 ipso

291 2948 429 3019 suscepit.
467 2946 511 3000 Eo
538 2952 677 3015 tempore,
697 2962 748 2998 rex
775 2944 888 3015 Alapioe
916 2946 993 3016 cepit
1018 2945 1163 3011 Edissam,
1192 2948 1341 3002 civitatem

291 3051 379 3104 quam
397 3030 551 3102 Edgarus²
569 3047 629 3094 rex,
650 3029 697 3083 cui
717 3029 853 3083 Christus
872 3030 1025 3100 epistolam
1045 3031 1172 3101 scripsit,
1187 3031 1341 3086 {edificavit

291 3124 321 3172 et
340 3118 369 3170 in
388 3134 446 3186 qua
463 3116 589 3169 Thomas
608 3113 766 3183 Apostolus
785 3110 964 3184 praedicavit.
1009 3113 1073 3182 Qua
1090 3121 1160 3169 tuuc
1177 3117 1305 3186 primum
1324 3133 1342 3170 a

291 3201 428 3270 gentibus
447 3200 607 3271 profanata,
628 3197 723 3252 dictus
742 3215 793 3251 rex
811 3197 924 3268 Alapiae
942 3199 1194 3270 archiepiscopum
1212 3200 1340 3254 civitatis

291 3304 358 3339 cum
377 3285 463 3347 clero,
484 3284 554 3353 quia
572 3282 722 3337 Christum
749 3282 907 3336 noluerunt
931 3282 1084 3353 abnegare,
1106 3283 1136 3336 iu
1154 3283 1251 3338 media
1268 3285 1340 3339 urbe

292 3387 389 3423 coram
407 3386 439 3422 se
457 3367 595 3421 decollari
614 3365 762 3437 precepit,
783 3371 813 3420 et
830 3365 957 3420 Francos
970 3366 1043 3420 inibi
1061 3373 1160 3437 captos
1179 3374 1230 3422 aut
1247 3374 1341 3423 morte

292 3460 342 3508 eut
360 3453 500 3507 servitute
519 3451 677 3505 damnarit.
723 3451 766 3504 Eo
791 3457 920 3520 tompore
939 3455 999 3504 tres
1024 3451 1102 3504 lunai
1128 3451 1200 3506 viem
1224 3452 1341 3507 suntin

186 3595 189 3599 ,
292 3538 375 3603 curlo,
395 3537 472 3592 etin
491 3536 587 3591 medio
605 3535 763 3605 cujuslibet
780 3551 880 3590 aarum
899 3535 1016 3607 signum
1034 3535 1139 3592 erucis.

293 3787 376 3844 XIV.
397 3787 439 3843 De
462 3805 523 3859 repe
547 3786 695 3857 Stephano,
721 3791 746 3840 et
771 3786 945 3841 libertatibus
974 3805 1027 3859 per·
1050 3788 1145 3860 ipsum
1174 3789 1341 3845 ororrcelerio

505 3873 655 3937 curtemaim
673 3876 697 3926 el
716 3872 749 3926 de
766 3889 827 3942 repe
845 3872 968 3927 Heorico
987 3873 1115 3929 secuudo.

328 4020 427 4088 Hujus
446 4020 544 4090 itaque
562 4019 676 4073 abbatis
695 4024 835 4089 tompore,
863 4037 931 4073 cum
956 4037 1007 4074 rex
1032 4019 1197 4091 Stephanus
1215 4039 1340 4093 regnum

293 4112 323 4160 et
340 4122 474 4158 coronam
493 4103 609 4172 Augilai
628 4109 807 4173 irsurpassct
828 4110 858 4157 et
869 4104 1012 4168 civitates,
1033 4104 1118 4159 villas
1137 4113 1168 4161 et
1185 4112 1290 4171 caetra,
1310 4109 1341 4162 in

293 4208 394 4244 manus
430 4206 497 4242 suas
523 4189 659 4258 cepisset.
687 4196 716 4240 ct
740 4188 895 4242 nonnullas
932 4189 988 4243 sibi
1018 4189 1142 4243 rebelles
1167 4190 1338 4255 obsedisset,

293 4274 408 4328 taudem
427 4272 619 4326 Eustachium
638 4272 731 4326 lilium
750 4290 836 4326 suum
854 4273 938 4343 regio
956 4274 1118 4329 diademate
1136 4276 1231 4330 voluit
1249 4276 1339 4346 insig-

293 4359 372 4422 uire;
393 4356 443 4410 sed
468 4374 542 4427 papo
565 4356 672 4410 litteris
691 4357 752 4409 suis
778 4357 994 4435 archiepiscopo
1021 4359 1192 4429 prohibebat
1217 4360 1340 4415 (lautuu-

316 4516 434 4523 -——,-
450 4517 455 4520 .
536 4517 546 4520 -
562 4516 589 4521 ....
709 4515 716 4520 -
730 4515 892 4521 -ῳ-
906 4517 1100 4524 -.—--—-..
1139 4519 1333 4526 i-———

326 4615 331 4642 ¹
351 4611 453 4660 l‘rinttd
473 4612 536 4659 from
555 4610 598 4660 the
611 4611 720 4673 Egerica
742 4612 807 4669 MS,
826 4612 928 4675 chapter
946 4613 999 4662 xlii.
1035 4613 1083 4663 Sec
1103 4616 1190 4669 above,
1202 4632 1267 4680 page
1283 4623 1336 4673 110.

293 4701 351 4741 note
366 4698 403 4739 lo.

327 4774 337 4799 ‘·'
358 4770 483 4834 Halesus]
503 4770 709 4834 lleadrlbgarus.
