3232 5692
485 1567 654 1644 TABLd
695 1568 756 1643 OF
796 1567 1086 1644 GHAPTERS.
1174 1642 1176 1644 ,

661 1792 953 1802 ...-—-—--—-—

594 1953 712 2022 Adam
735 1955 836 2023 obbas
854 1955 1004 2044 mimus.

120 2058 232 2123 Egeram
265 2054 417 2114 Praesatio.

140 2126 211 2243 ffiss
265 2149 291 2207 Ι.
313 2148 448 2223 Qualiter
468 2150 564 2226 primo
584 2153 711 2228 sumpsit
731 2153 886 2212 exordium
906 2150 1116 2211 monasterinm
1136 2148 1173 2207 de
1193 2146 1313 2217 Molsa3

345 2242 381 2301 de
402 2242 467 2318 ejus
487 2244 615 2316 nomine,
640 2252 672 2303 et
691 2244 824 2320 ejusdem
845 2246 973 2304 nominis
994 2242 1192 2321 etymologia.¹

264 2348 307 2407 11.
329 2348 377 2408 Do
398 2369 489 2409 causa
508 2349 696 2424 fundationis,
717 2359 748 2411 et
767 2353 827 2412 situ
848 2351 915 2410 loci.

266 2441 327 2503 III.
348 2442 395 2501 De
416 2462 507 2502 causa
533 2444 659 2503 nominis
686 2445 753 2516 loci,
775 2452 807 2504 et
833 2443 898 2520 ejus
926 2444 1111 2521 separatione
1138 2462 1157 2501 a
1177 2441 1315 2501 dominiis

345 2534 559 2611 adjacentibus.

266 2629 324 2688 IV.
346 2626 392 2686 De
413 2630 511 2705 prima
530 2630 703 2689 monasterii
725 2630 921 2689 aedificatione
941 2638 973 2690 et
985 2627 1197 2689 monachorum
1211 2628 1316 2686 induc-

345 2722 488 2785 tione;et
510 2724 688 2782 tenementis
710 2724 795 2781 nobis
818 2724 895 2782 datis
921 2743 973 2800 per
988 2722 1183 2781 Willielmnm
1206 2720 1313 2792 Groos,

346 2814 491 2886 comitem,
524 2815 712 2875 fundatorem
743 2823 885 2888 nostrum,
919 2817 950 2874 in
981 2815 1128 2892 Waghna
1160 2815 1249 2872 bosco
1278 2813 1315 2871 de

347 2911 441 2983 Rada,
464 2911 585 2971 Hotona
605 2921 637 2972 et
656 2913 826 2990 Eggetona.

678 3302 907 3366 CAPITULA.

725 3470 855 3482 ’-

647 3564 764 3631 Aulum
786 3564 886 3631 abbas
911 3568 936 3629 1.

112 3705 235 3771 Phillipps
291 3712 316 3767 1.
339 3707 474 3781 Qualiter
515 3709 642 3784 primum
677 3710 802 3784 sumpsit
843 3708 1000 3768 exordium
1032 3705 1245 3764 monasterium
1279 3702 1317 3762 de

143 3774 206 3892 ἓξὲξ,
347 3802 468 3870 Melsa;
500 3800 537 3859 de
571 3800 636 3876 ejus
668 3803 794 3874 nomine,
821 3811 851 3860 et
882 3802 1015 3877 ejusdem
1044 3800 1172 3858 nominis
1201 3807 1318 3876 etymo-

209 3881 459 3972 'logia-
581 3928 593 3939 .
715 3924 727 3938 .
847 3929 859 3940 .
980 3927 992 3939 .
1113 3926 1124 3937 .
1245 3892 1314 3946 -²l

288 3990 315 4046 2.
337 3986 384 4046 Do
404 4007 495 4047 eausa
515 3987 706 4055 fundationis,
729 3995 760 4046 ot
780 3989 840 4045 situ
861 3987 918 4045 loci
980 4020 992 4031 -
1112 4019 1124 4031 .
1244 4017 1256 4029 .
1297 3985 1317 4040 2

288 4086 315 4140 3.
337 4083 384 4140 De
405 4101 495 4140 causa
520 4081 649 4139 nominis
677 4081 743 4152 loci,
772 4089 803 4140 et
830 4079 894 4156 ejus
922 4079 1109 4157 separatione
1140 4077 1318 4215 αᾱοιιιίυἰίἔ

347 4162 452 4221 alienis
571 4196 585 4208 ·
710 4184 722 4205 ⁶
844 4193 856 4205 ·
977 4194 989 4206 ·
1111 4191 1124 4203 ·
1243 4183 1256 4202 .

287 4256 314 4313 i.
336 4255 383 4312 Do
403 4254 498 4330 prima
521 4254 694 4313 monasterii
727 4252 928 4328 aedificatione,
957 4261 988 4313 et
1017 4253 1190 4311 inductione
1215 4269 1318 4309 mona·

347 4348 471 4406 chorum
500 4365 569 4407 oum
603 4348 723 4406 domino
758 4347 859 4406 Adam
896 4347 1001 4406 abbate
1032 4347 1129 4423 primo
1163 4347 1194 4403 in
1229 4344 1318 4402 abba-

347 4441 420 4499 tiam
448 4475 460 4485 .
580 4472 592 4486 .
714 4474 725 4485 .
846 4473 858 4484 .
981 4471 994 4484 .
1112 4469 1124 4481 .
1245 4460 1257 4482 ¹.
1298 4441 1317 4496 4

274 4621 471 4630 .....-——-—-
678 4617 1048 4625 ——u.—---.—.—.-........-

303 4699 310 4729 ¹
329 4696 479 4765 etymoloym]
500 4697 663 4763 ethimologia
671 4698 697 4748 in
706 4696 768 4749 both
856 4698 866 4726 ²
882 4695 937 4747 Tho
948 4696 1087 4747 references
1098 4700 1175 4747 atsto
1186 4692 1319 4745 thelestes

270 4780 346 4832 MSS.
823 4777 852 4828 of
859 4775 902 4828 the
914 4775 1030 4840 Philipps
1041 4775 1099 4827 MS.

1115 4857 1182 4919 st
