3232 5692
502 800 717 855 marmana
737 800 846 854 mnas
866 801 1033 866 colurus
1227 790 1293 858 293

242 973 345 1064 eopia,
368 977 621 1045 constituerunt.
667 978 722 1043 Ad
744 999 842 1064 quem
866 977 963 1058 diem,
985 978 1122 1044 nuntius
1145 977 1292 1066 ejusdem
1303 949 1452 1094 {ll-Rbsm

243 1079 477 1168 archiepiscopi
499 1080 790 1146 veniens-litteras
805 1080 940 1145 unius¹
964 1078 1143 1165 justitiarii
1173 1081 1292 1168 legatis
1387 1079 1395 1094 '

242 1176 397 1247 exhibuit
419 1181 926 1269 prohibitoriae,:ne'in.dicta⁹
948 1203 1046 1248 causa
1070 1179 1292 1269 procederent

242 1283 336 1350 Alias
358 1281 461 1350 etiam
490 1284 619 1350 litteras
650 1284 810 1371 produxit
839 1285 877 1349 in
906 1283 1060 1364 medium,
1085 1285 1293 1351 continentes

236 1384 460 1473 justitiarium
497 1388 688 1475 praeoepisse
710 1387 975 1475 ‘inquisitionem
1012 1387 1082 1452 fieri
1117 1409 1176 1475 per
1209 1388 1294 1454 vice-

240 1490 394 1555 comitem
428 1490 674 1568 Eboracensem‚
708 1495 822 1556 utrum
859 1495 948 1555 terra
978 1489 1037 1554 illa
1067 1489 1172 1555 libera
1208 1497 1295 1556 esset

240 1592 476 1658 monachorum
504 1599 692 1659 nostrorum
715 1593 929 1680 eleemosyna,
951 1614 995 1658 an
1017 1593 1138 1658 laicum
1159 1592 1294 1660 feodum

240 1693 293 1773 de,
311 1694 449 1759 baronia
472 1694 554 1761 dicti
577 1694 817 1782 archiepiscopi.
863 1694 958 1760 Idem
992 1715 1121 1780 quoque
1154 1697 1294 1762 nuntius

239 1792 480 1863 vioecomitem'
504 1797 766 1863 Lincolniensem
798 1818 908 1863 secum
945 1797 1096 1874 adduxit,
1130 1799 1189 1883 qui
1220 1820 1294 1864 cau·

240 1894 367 1964 tionem
389 1900 550 1986 elegatis
584 1900 621 1964 in
649 1899 725 1985 jure
755 1899 1010 1986 praesidentibus
1044 1900 1156 1986 exegit
1190 1906 1230 1966 ut
1255 1901 1293 1966 in

239 2000 331 2066 curia
367 2002 495 2067 domini
533 2002 620 2089 regis
657 2006 894 2089 comparerent,
931 2003 1120 2088 responsuri
1158 2007 1192 2068 et
1219 2003 1291 2088 juri

238 2104 380 2189 parituri
411 2105 452 2170 de
483 2090 675 2191 contemptu
710 2104 837 2169 domini
870 2104 964 2190 regis,
997 2126 1035 2169 eo
1067 2104 1156 2190 quod
1188 2105 1290 2170 tunc³

238 2205 275 2270 in
306 2228 404 2275 causa
434 2208 667 2294 processissent
698 2210 774 2294 post
806 2205 1063 2293 prohibitionem
1090 2206 1290 2291 justitiarii!

237 2307 317 2374 licet
348 2310 435 2375 idem
451 2309 673 2395 -justitiarius
706 2308 798 2395 prius
830 2306 927 2404 dictis
958 2307 1085 2394 legatis,
1113 2330 1173 2394 per
1206 2306 1291 2376 nos⁶

238 2410 424 2498 impetratis
455 2417 570 2477 contra
607 2412 736 2477 litteras
768 2409 849 2476 dicti
886 2409 1130 2496 archiepiscopi,
1164 2411 1291 2498 signifi·

237 2513 364 2578 caverit
385 2512 582 2600 praedictam
608 2517 732 2577 terram
755 2513 894 2577 liberam
920 2534 991 2577 esse
1013 2499 1186 2577 nostram⁰
1208 2513 1290 2578 elee-

235 2635 417 2701 mosynam,
444 2615 530 2681 sicut
553 2614 584 2679 ei
607 2635 650 2679 ex
672 2615 874 2701 inspectione
897 2617 1063 2678 cartarum
1084 2613 1290 2679 nostrarum⁷

235 2717 452 2781 innotuerat:
489 2715 616 2781 Verum
645 2716 747 2781 etiam
780 2715 893 2801 legati,
916 2718 1084 2781 occasione
1107 2715 1171 2781 sibi
1194 2716 1289 2783 factae

235 2817 483 2905 prohibitionis„
494 2818 682 2884 executioni
696 2818 884 2883 litterarum
899 2816 1154 2903 apostolicarum
1176 2839 1290 2906 super·

235 2921 346 2986 sedere
368 2919 527 2998 nolentes,
550 2921 637 2986 diem
668 2919 818 3006 partibus
852 2919 972 2984 iterato
1001 2920 1216 3005 praefixerunt
1245 2922 1289 2986 ad

235 3023 465 3108 excipiendum
504 3023 592 3108 quod
629 3022 717 3087 ratio
752 3022 893 3087 dictaret
927 3025 962 3086 et
999 3021 1172 3085 consilium
1200 3021 1289 3106 juris

234 3126 423 3211 peritorum.
480 3125 536 3190 Ad
570 3146 671 3210 quem
703 3124 800 3196 diem,
824 3127 1021 3209 procurator
1055 3123 1289 3211 archiepiscopi

233 3227 393 3293 veniens⁸
415 3228 546 3293 litteras
563 3225 743 3312 justitiarii
769 3225 879 3290 denuo
902 3223 1033 3302 defert,⁹
1057 3225 1288 3312 praecipientes

233 3336 273 3395 ut
295 3330 382 3394 diem
406 3329 557 3415 pertibus
573 3329 692 3394 darent
707 3326 866 3392 diffusum
881 3325 969 3389 infra
984 3347 1082 3411 quem
1105 3326 1287 3413 inquisitio,

234 3453 334 3518 quam
357 3453 454 3517 super
477 3431 592 3496 eadem
614 3448 705 3495 terra
726 3428 921 3493 institueret
943 3426 1137 3506 faciendam,
1154 3428 1287 3495 effectui

233 3532 456 3613 mandaretur,
480 3531 647 3618 quatinus,
670 3553 713 3596 ex
736 3529 882 3616 ejusdem
904 3522 1129 3615 inquisitionis
1152 3537 1284 3611 eventu,

232 3635 450 3722 perpenderet
483 3657 527 3699 an
560 3634 667 3722 ipsam
698 3631 952 3699 ecclesiasticam
982 3637 1159 3717 reputaret,
1182 3633 1286 3700 etsie

232 3737 350 3824 legatis
372 3737 614 3803 terminandam
636 3735 829 3815 remitteret,
853 3731 899 3799 an'
918 3732 1089 3811 forensem,
1107 3738 1141 3799 et
1161 3734 1212 3800 ita
1226 3756 1285 3800 suo

227 3839 353 3926 judicio
375 3844 566 3906 reservaret.
613 3838 774 3904 Videntes
790 3859 869 3926 ergo
886 3836 1016 3923 judices
1033 3835 1135 3924 legati
1148 3832 1173 3874 ¹⁰
1196 3838 1285 3924 quod

266 4170 273 4199 ¹
286 4168 372 4234 arius]
384 4167 489 4230 domini,
500 4168 530 4220 P.
814 4167 954 4233 ‘norom
967 4165 1156 4230 monachorum,
1167 4166 1197 4218 P.

263 4248 275 4278 ¹
285 4246 365 4312 dato]
379 4247 492 4312 wandng
501 4246 529 4296 in
540 4246 572 4298 P.
814 4247 824 4276 ⁷
840 4246 990 4312 noscamur]
1015 4244 1127 4311 ipsorum
1148 4246 1283 4299 monacho·

264 4325 355 4391 'rand
368 4325 481 4390 ναυτίας
490 4325 519 4374 ίιι
529 4325 560 4376 Ρ.
781 4325 886 4388 rum‚P.

264 4404 361 4454 ‘Aster-
373 4405 510 4470 justitiarii
526 4404 612 4466 insert,
628 4419 673 4469 per
688 4406 732 4455 do-
813 4405 910 4455 ⁸After
932 4405 1029 4455 υιιιίω
1046 4405 1131 4466 insert
1149 4405 1197 4456 sori
1218 4421 1283 4471 prn-

231 4483 329 4534 minum
339 4482 553 4548 archiepiscopum
567 4483 732 4549 impetratam,
781 4484 944 4548 scriptionem
954 4484 1021 4534 sicut
1030 4484 1101 4549 prius
1112 4485 1233 4550 opposuit,
1242 4487 1273 4538 P.

231 4562 262 4614 P.
814 4562 926 4629 ’descrt]
939 4563 1059 4625 deferena
1070 4562 1101 4616 P.

264 4643 275 4671 ⁸
281 4657 328 4705 per
336 4641 392 4706 nor]
405 4641 496 4693 litteris
503 4642 555 4694 suis
563 4657 607 4708 per
618 4643 733 4694 abbatem
815 4645 835 4675 ¹⁰
844 4640 932 4708 bocer]
946 4642 1058 4709 wanting
1069 4642 1097 4692 in
1108 4643 1137 4694 P.

231 4721 417 4784 Alexandrum,
427 4720 456 4773 P.
