3232 5692
324 1362 328 1369 .
413 1304 637 1383 PRAEIll'lIO
669 1307 826 1384 OPERIS
859 1311 1122 1392 succubus?

242 1696 325 1766 CUM
346 1697 495 1763 virorum
517 1695 706 1778 illustrium,
730 1699 889 1767 abbatum
912 1702 1009 1790 hujus
1032 1706 1226 1772 monasterii
1251 1707 1323 1772 def·
1338 1718 1374 1764 ¹1·

241 1814 355 1894 Melsa,
393 1814 594 1894 memoriam,
632 1800 673 1880 ob
712 1817 953 1905 negligentium
992 1820 1159 1899 desidiam,
1198 1843 1292 1908 paene

242 1930 388 1995 finaliter
422 1931 583 2019 deperisse
613 1931 785 2019 conspicio,
809 1933 941 2000 interno
973 1935 1084 2001 dolore
1114 1942 1291 2015 contactus,

242 2046 458 2132 ingemiscens
492 2048 639 2133 graviter
672 2047 809 2135 suspiro,
844 2053 918 2114 tum
950 2050 1028 2136 quia
1059 2055 1112 2118 tot
1145 2057 1180 2117 et
1211 2052 1294 2118 tales

242 2163 394 2240 lucernae,
417 2167 470 2228 tot
492 2163 648 2230 videlicet
670 2163 832 2228 nobilium
855 2171 988 2252 patrum
1010 2171 1105 2253 gesta
1126 2164 1293 2256 praeclara,

244 2278 305 2346 sub
329 2277 440 2343 modio
462 2276 589 2343 lateant
612 2277 837 2358 absconditae,8
856 2258 929 2352 tum
953 2281 1032 2366 quia
1054 2286 1107 2348 tot
1129 2284 1294 2368 sapientes

242 2399 277 2460 et
299 2393 391 2459 scioli
406 2392 464 2478 qui
486 2414 546 2457 nos
561 2398 808 2479 pracesserunt,
824 2394 1014 2461 thesaurum
1038 2398 1210 2482 sapientiae
1225 2419 1294 2463 suae

241 2509 380 2576 condere
409 2508 600 2574 nullatenus
634 2508 857 2589 formidantes,
880 2511 978 2577 laude
1012 2513 1129 2600 dignos
1161 2518 1295 2600 patrum

243 2646 378 2691 suorum
400 2628 493 2690 actus
515 2623 638 2689 litteris
671 2624 802 2691 tradere
835 2627 975 2712 publicis
1001 2628 1138 2693 minime
1161 2624 1295 2695 curave·

245 2745 332 2808 runt.
373 2739 518 2826 Cupiens
541 2761 618 2826 ergo
636 2745 741 2807 tantae
764 2741 976 2829 negligentiae
998 2766 1057 2830 pro
1080 2765 1173 2831 posse
1196 2745 1296 2811 finem
1309 2749 1459 2803 Samaeos
1486 2767 1490 2773 ·

243 2857 420 2941 imponere,
450 2856 602 2940 quamvis
637 2876 689 2920 me
723 2857 857 2943 penitus
889 2858 1143 2925 insufficientem
1177 2881 1296 2947 cogno·
1309 2818 1462 2938 mi?

244 2971 358 3049 verim,
382 2970 559 3035 nonnullas
582 2971 714 3036 cedulae
745 2973 898 3058 antiquas
920 2978 955 3038 et
977 2974 1185 3040 membranas
1214 2998 1293 3062 neg·

243 3088 343 3153 lectas
366 3092 443 3172 post
477 3086 613 3173 longum
648 3086 843 3151 scrutinium
876 3088 911 3152 in
946 3109 1049 3155 unum
1081 3090 1216 3178 collegi3
1250 3111 1293 3155 ex

242 3203 362 3291 quibus
385 3200 467 3266 alias
501 3201 663 3265 imbribus
694 3202 868 3288 expositas,
891 3203 972 3267 alias
1006 3204 1077 3290 igni
1109 3205 1293 3292 deputatae,

247 3319 388 3397 inveni3
425 3317 462 3380 in
499 3315 627 3401 quibus,
664 3321 759 3393 certe,
792 3317 1002 3402 dispendiosa
1039 3319 1075 3382 in
1111 3320 1297 3385 breviorem

243 3433 358 3499 stilum
375 3432 534 3512 converti,
551 3429 717 3516 mystiea³
732 3431 933 3498 luculentius
948 3433 1143 3519 explanavi;
1157 3436 1298 3522 registra

245 3548 434 3626 transcurri,
458 3552 559 3634 atque
592 3548 711 3612 omissa
744 3568 786 3612 ex
816 3549 965 3635 registris
997 3553 1030 3613 et
1065 3550 1138 3615 aliis
1167 3551 1299 3636 scriptis

245 3661 469 3730 authenticis4
500 3683 676 3749 excerpens
710 3661 858 3746 adjunxi,
891 3667 924 3727 et
958 3663 1090 3728 demum
1124 3664 1161 3728 in
1194 3687 1298 3731 unum

156 3802 159 3810 ¹
246 3783 403 3867 congesta
425 3779 462 3843 in
493 3779 555 3844 hoc
589 3778 781 3863 opusculum
815 3778 967 3844 seriosius
1002 3781 1145 3848 exaravi
1190 3779 1298 3848 Nemo

246 3898 360 3984 igitur,
389 3917 464 3962 cum
502 3897 538 3960 in
575 3895 788 3982 sequentibus
826 3918 899 3982 quae
936 3898 1028 3983 prius
1058 3918 1127 3962 non
1156 3903 1298 3964 noverat

244 4012 419 4091 invenerit,
441 4012 568 4077 inserta
590 4033 629 4076 ea
658 4033 711 4077 me
742 4033 784 4076 ex
813 4013 946 4099 propria
978 4013 1187 4098 suggestione
1210 4014 1296 4079 exis·

245 4129 343 4195 timet
366 4125 553 4205 derivasse,⁶
575 4126 633 4192 sed
666 4126 798 4192 noverit
832 4149 891 4213 pro
926 4131 1015 4193 certo
1037 4125 1147 4193 nihill
1168 4129 1205 4193 in
1234 4129 1297 4196 hoc

279 4427 370 4479 ¹This
386 4430 486 4493 presses
497 4443 550 4479 was
567 4429 648 4479 added
664 4428 747 4479 inthe
827 4427 969 4494 mystica]
988 4428 1094 4488 misum,
1105 4428 1162 4481 MS.

245 4508 355 4558 revision
378 4509 409 4558 oi
426 4509 470 4558 the
491 4508 570 4559 work.
610 4508 636 4559 It
658 4507 681 4559 is
702 4514 747 4559 not
827 4507 838 4540 ⁴
855 4508 1015 4574 dalmaticis]
1036 4509 1194 4571 aucoenticis,
1204 4506 1261 4560 MS.

244 4588 361 4640 scundin
373 4587 402 4638 P.
827 4586 989 4654 ‘demuassd
1009 4589 1137 4651 dirivasse,
1149 4588 1206 4640 MS.

278 4666 464 4733 mercandus]
484 4667 638 4729 absconditu,
649 4665 705 4719 MS.
828 4666 929 4734 mihil]
949 4668 1037 4729 nichil,
1050 4668 1105 4719 MS.

1079 4767 1202 4831 ess—
