3232 5692
480 800 692 855 mmmmm
713 796 821 851 sauss
842 794 1008 860 eusams
1203 776 1269 842 aas

220 979 449 1056 assidentibus,
471 977 572 1044 idem>
592 975 716 1042 factum
747 973 959 1037 innovanmt
1012 968 1160 1037 Tandem
1189 981 1268 1031 vero

222 1082 258 1147 in
280 1082 477 1169 corporalem
499 1077 737 1168 possessionem
758 1072 924 1162 ipsorum¹
949 1077 1047 1140 terrae
1068 1076 1103 1138 et
1125 1088 1269 1159 pessagu

221 1190 257 1250 et
278 1184 418 1250 aliorum
440 1180 687 1270 pertinentium,
704 1177 767 1243 sub
781 1176 963 1242 multorum
984 1179 1056 1241 tam
1078 1173 1270 1241 elericorum

223 1309 323 1374 quam
360 1286 505 1351 militum
537 1290 572 1351 et
609 1283 751 1348 alienun
782 1278 981 1357 menenio,
1014 1277 1106 1344 nullo
1137 1275 1272 1342 omnino

222 1390 475 1466 contradicente,
512 1387 692 1454 solenniter
724 1383 940 1449 induxerrmt
997 1380 1064 1448 Sed
1101 1383 1136 1446 et
1169 1376 1273 1443 abbas

223 1497 258 1557 et
279 1492 430 1557 monaehi
464 1490 522 1577 qui
555 1493 637 1555 tuno
670 1487 794 1552 ibidem
826 1484 1014 1563 adfuerunt,
1046 1504 1089 1548 ne
1120 1479 1202 1568 quid
1235 1480 1272 1543 in

223 1595 447 1682 praejudicium
465 1593 552 1679 juris
574 1597 609 1658 et
632 1595 702 1657 tam
732 1587 975 1655 rationabiliter
996 1586 1126 1673 adeptae
1148 1604 1272 1672 posses-

223 1697 326 1762 sionis
362 1718 473 1762 eorum
512 1694 632 1780 aliquis
669 1695 893 1779 attemptaret,
925 1694 995 1756 tam
1026 1689 1062 1754 in
1096 1685 1270 1777 praesentia

1280 971 1350 1024 AD.
1363 973 1426 1025 1197

1278 1044 1371 1094 4210.

223 1799 369 1886 ejusdem
392 1796 625 1884 archiepiscopi
649 1817 748 1882 quam
771 1793 908 1882 eapituli
931 1791 1154 1869 Eboraeensis,
1178 1788 1272 1855 etin
1387 1806 1391 1813 ·

224 1901 381 1988 corporali
418 1901 519 1966 etiam
556 1899 756 1985 possessione
799 1896 982 1976 constituti,
1020 1896 1063 1961 ad
1100 1892 1273 1960 dominum

224 2025 342 2091 papam
364 2007 400 2069 et
422 2003 465 2068 ad
495 2006 691 2067 memoratos
722 2004 911 2067 executores
941 1998 1157 2087 appellarunt,
1181 2018 1216 2062 se
1238 1999 1274 2062 et

224 2107 335 2171 omnia
365 2128 433 2184 sua,
460 2110 494 2171 et
527 2105 618 2179 illam
650 2104 794 2170 maxime
825 2108 956 2180 terram,
978 2101 1041 2168 sub
1069 2100 1273 2188 protectione

225 2208 298 2284 Dei,
320 2208 446 2274 domini
468 2230 563 2294 papae
585 2211 620 2273 et
634 2211 848 2273 executurum
869 2228 1012 2282 suorum,
1026 2204 1272 2271 constituentes

227 2312 303 2377 Hiis
341 2313 390 2376 ita
421 2311 571 2397 peractis,
605 2310 713 2376 dietus
751 2309 1009 2396 amhiepiseopus
1040 2330 1109 2374 rem
1145 2313 1272 2394 gestam

225 2436 311 2500 aegre
333 2415 448 2490 serens,
478 2413 682 2500 significavit
714 2432 771 2499 per
805 2411 935 2477 litteras
967 2415 1002 2477 et
1033 2411 1169 2477 nuntios
1198 2431 1275 2476 snos

1284 2322 1433 2456 thattt

224 2515 320 2581 fratri
343 2537 410 2593 suo,
433 2515 457 2580 J
458 2514 582 2580 ohanni
604 2515 683 2601 regi,
701 2512 789 2599 quod
804 2513 907 2579 abbas
922 2517 957 2579 et
971 2512 1124 2580 monaehi
1145 2509 1275 2580 nostri²
1317 2591 1338 2604 ,Ι

225 2621 340 2681 eontra
361 2615 619 2703 prohibitionem
645 2614 823 2702 justitiarii
845 2616 898 2680 sui
921 2636 1050 2680 eausam
1073 2616 1179 2703 ipsam
1201 2635 1275 2703 pro·

225 2718 329 2784 secuti
361 2723 449 2799 sunt,
480 2722 515 2783 et
545 2723 660 2783 eontra
694 2738 847 2782 eoronam
880 2722 915 2782 et
949 2717 1149 2805 dignitatem
1182 2739 1275 2784 suam

225 2821 349 2908 regiam
381 2820 451 2886 lata
482 2821 548 2887 fuit
582 2821 654 2907 ipsa
687 2819 861 2886 sententia
916 2818 969 2886 Ob
1007 2843 1106 2907 quam
1144 2842 1276 2887 eaumm

225 2921 383 3010 praefatus
404 2944 465 2990 rex
493 2922 544 2988 ira
573 2943 695 3010 magna
724 2926 906 2988 commotus
936 2922 1030 2988 dedit
1052 2924 1088 2995 in
1109 2924 1276 2990 mandatis

226 3025 412 3091 vieeoomiti
435 3024 633 3091 Eboraeensi
663 3025 822 3111 quatinus
852 3025 1006 3091 abbatem
1036 3031 1072 3093 et
1102 3028 1276 3094 monachos

226 3132 355 3193 nastros
392 3133 483 3192 terra
516 3127 589 3213 ipsa
620 3126 784 3214 spoliaret,
817 3131 852 3193 et
884 3127 984 3193 laicos
1017 3128 1075 3215 qui
1107 3150 1149 3194 ex
1181 3135 1277 3217 parte

225 3228 360 3296 nostra⁸
382 3229 418 3294 in
440 3251 480 3296 ea
501 3229 633 3294 inventi
654 3228 795 3296 fuissent
817 3229 1041 3310 memorarat,
1065 3252 1134 3297 non
1154 3233 1219 3298 nisi
1233 3232 1277 3298 ad

220 3337 348 3421 jussum
382 3333 469 3419 regis
502 3331 690 3398 liberandos
702 3357 711 3413 ;
745 3354 827 3419 quos
855 3333 1015 3400 etiamst
1047 3334 1211 3416 animalia,
1235 3339 1277 3402 et

226 3433 384 3522 quiequid
406 3433 498 3500 aliud
520 3434 562 3500 de
584 3434 772 3501 substantia
793 3436 931 3502 nostra⁴
953 3437 1077 3504 ibidem
1092 3438 1278 3519 inventum,

227 3537 428 3604 confiscaret.
474 3535 539 3601 Sed
572 3541 607 3602 et
637 3536 746 3624 ipsum
768 3537 995 3606 Alexandrum
1027 3532 1182 3607 abbatem
1204 3561 1278 3606 nos·

227 3638 342 3704 trum⁶
365 3643 400 3703 et
427 3636 557 3723 judiees
590 3638 711 3724 quibus
742 3659 840 3705 eausa
872 3640 944 3728 ipsa
974 3664 995 3707 a
1024 3642 1158 3710 domino
1192 3666 1279 3732 papa

159 3742 161 3747 ’
227 3741 335 3807 fuerat
357 3739 531 3807 commissa
545 3741 746 3808 auctoritate
760 3742 863 3830 regali
879 3751 1009 3831 cogeret
1023 3746 1065 3812 de
1087 3751 1278 3835 contemptu

228 3842 314 3930 regis
348 3841 384 3908 in
418 3841 520 3928 ipsius
551 3842 643 3908 curia
670 3843 741 3930 juri
767 3865 889 3932 parere,
923 3869 1023 3934 quare
1054 3849 1091 3914 in
1121 3849 1278 3936 injuriam

229 3966 357 4012 eoronae
394 3943 498 4031 ipsius
536 3945 619 4012 talia
656 3947 948 4034 praesumpsissent.
1008 3949 1171 4019 Dominus
1202 3974 1279 4041 erge

230 4048 332 4114 abbas
354 4047 545 4114 Alexander
567 4048 743 4135 praefatum
773 4071 882 4138 regem
904 4053 998 4136 adiit,
1021 4059 1129 4122 cartas
1150 4061 1186 4123 et
1208 4079 1280 4122 mu·

230 4151 379 4216 nimenta
411 4172 486 4237 quae
520 4150 560 4215 de
595 4151 735 4240 praefata
772 4158 861 4219 terra
897 4154 1016 4221 habuit
1053 4157 1207 4239 ostendit,
1245 4162 1280 4224 et

231 4253 398 4320 lieentiam
429 4252 615 4339 justitiarii,
650 4261 765 4322 eontra
798 4255 1055 4343 prohibitionem
1088 4282 1186 4348 quam
1211 4262 1282 4351 ipse

268 4492 273 4519 ¹
288 4489 406 4554 ipsorum]
421 4487 508 4553 ipsius,
520 4489 549 4540 P.
816 4493 825 4522 ⁴
842 4477 939 4558 ambo]
952 4493 1141 4561 memborum,
1151 4497 1181 4550 P.

267 4568 380 4634 lovem]
395 4568 426 4619 de
439 4568 530 4630 Melea,
543 4568 572 4620 P.

236 4651 277 4778 P’
294 4647 391 4714 aava]
411 4647 538 4700 douram
550 4648 740 4712 monachorum,
816 4650 963 4719 πωπω]
976 4652 1091 4722 wanting
1100 4653 1170 4736 mr.
