3232 5692
557 817 654 868 lusu
676 818 785 868 ussus
808 820 947 872 remus.
1213 808 1278 879 147

230 996 396 1083 inquiunt,
430 1001 447 1032 “
463 1001 513 1062 est
546 1002 643 1084 porta
673 996 827 1084 paradisi.
887 999 984 1064 Hanc
1016 999 1187 1065 introeunt
1220 1000 1278 1085 qui

232 1107 250 1135 “
273 1123 294 1164 a
325 1099 420 1166 nobis
451 1105 631 1164 sumuntur
662 1098 698 1164 in
721 1101 847 1166 ooelum.
894 1101 966 1166 Nec
989 1107 1023 1167 te
1045 1103 1147 1168 latere
1170 1101 1277 1179 debet,

231 1209 248 1237 “
273 1204 360 1287 quod
383 1201 531 1289 quotidie
553 1203 659 1289 pascit
680 1225 740 1267 nos
756 1203 920 1268 Dominus
942 1204 1040 1269 semel
1056 1205 1129 1270 cibo
1145 1205 1277 1270 eoelesti.

231 1305 361 1387 “Quid
392 1312 505 1371 autem
536 1304 637 1370 firerit
671 1306 761 1371 cibus
792 1306 857 1386 ille,
880 1328 1043 1393 quamque
1066 1306 1278 1384 delectabilis,

232 1415 250 1444 “
272 1409 442 1474 nobiscum
464 1409 628 1494 gustando
660 1408 808 1474 senties.’'
853 1409 986 1496 Vixque
1009 1432 1156 1475 sermone
1171 1410 1276 1488 finito,

230 1512 324 1597 quasi
354 1512 488 1576 flamma
518 1511 605 1597 ignis
642 1511 682 1575 de
719 1512 801 1577 coelo
834 1512 1011 1589 descendit,
1051 1535 1125 1598 quse
1170 1518 1359 1579 rotemero.

229 1614 371 1700 patriam
393 1615 569 1700 cooperuit,
593 1619 626 1679 et
658 1615 751 1700 quasi
785 1637 843 1701 per
871 1615 981 1680 radios
1015 1616 1148 1681 divisim
1179 1638 1276 1703 super

229 1717 433 1804 singulorum
471 1719 580 1804 capita
618 1717 822 1794 descendens,
862 1718 996 1784 tandem
1037 1719 1074 1783 in
1111 1741 1165 1784 eos
1203 1725 1276 1785 tota

229 1821 378 1886 intravit.
425 1821 489 1886 Sed
522 1824 556 1885 et
590 1841 689 1907 supra
719 1821 859 1886 militem
894 1823 982 1886 inter
1003 1823 1084 1888 alios
1107 1823 1275 1888 descendit

229 1929 263 1990 et
294 1916 442 1989 intravit.
498 1921 598 1987 Unde
636 1927 765 1988 tantem
803 1923 1009 1989 dulcedinem
1045 1925 1082 1988 in
1114 1924 1209 1990 eorde
1241 1932 1275 1990 et

228 2047 359 2112 corpore
381 2027 492 2105 sensit,
516 2029 555 2089 ut
578 2047 671 2112 paene
701 2048 770 2113 prae
800 2027 973 2092 nimietate
1004 2027 1185 2093 dulcedinis
1207 2051 1275 2093 non

229 2129 437 2195 intellexerat
459 2134 571 2193 utrum
595 2133 744 2194 mortuus
767 2151 811 2194 an
832 2130 931 2194 vivus
953 2128 1076 2195 fuisset.
1122 2131 1188 2197 Sed
1217 2130 1276 2196 illa

228 2233 310 2298 hora
342 2232 408 2298 cito
443 2231 584 2296 transiit.
632 2230 753 2307 “Hic'’
776 2231 944 2318 inquiunt,
958 2256 962 2267 ·
977 2238 1053 2298 “est
1084 2234 1176 2299 cibus
1209 2233 1273 2313 ille,

229 2346 245 2372 “
268 2336 355 2402 unde
387 2333 495 2414 semel,
518 2339 557 2399 ut
591 2333 744 2411 diximus,
768 2356 790 2398 a
820 2333 891 2399 Deo
926 2334 1072 2419 quotidie
1102 2336 1273 2421 pascimur.

231 2449 247 2474 ‘¹
271 2440 336 2521 Qui
368 2459 445 2503 vero
480 2459 500 2501 a
533 2437 627 2502 nobie
661 2437 698 2501 in
732 2437 850 2502 coelum
883 2444 1097 2502 assumuntur
1120 2438 1180 2503 hoc
1203 2438 1274 2502 cibo

228 2543 339 2608 “sine
371 2543 437 2607 fine
468 2539 690 2626 perfruuntur.
736 2540 801 2605 Sed
837 2541 1001 2626 quoniam,
1024 2563 1066 2606 ex
1089 2547 1191 2628 parte,
1214 2539 1273 2605 ea¹

230 2643 384 2710 “vidisti
432 2666 506 2729 quse
542 2642 654 2709 videre
692 2642 893 2723 desiderasti,
938 2647 1067 2730 oportet
1105 2666 1192 2709 nunc
1236 2649 1276 2708 ut

229 2757 245 2784 “
269 2750 382 2813 redeas
405 2770 463 2834 per
492 2747 628 2812 eandem
651 2747 742 2810 viam
765 2768 830 2832 qua
853 2745 983 2811 venisti.
1030 2747 1085 2826 Et,
1108 2747 1136 2810 si
1158 2746 1275 2812 amodo

229 2859 246 2887 “
269 2851 377 2917 sobrie
410 2855 445 2916 et
476 2853 587 2915 sancte
621 2849 753 2924 vixeris,
776 2870 844 2914 non
874 2848 981 2914 solum
1005 2848 1045 2913 de
1077 2850 1143 2914 ista
1165 2850 1275 2935 requie

229 2964 255 2992 “¹
268 2955 324 3019 sed
356 2959 391 3017 et
422 2954 463 3018 de
496 2951 651 3016 coelorum
683 2952 852 3017 mansione
885 2973 1014 3016 securus
1045 2972 1113 3016 esse
1143 2953 1274 3038 poteris.

133 3089 144 3111 ·
228 3056 305 3121 “Si
336 3060 445 3122 autem
479 3056 601 3119 iterum
632 3053 792 3120 illecebris
822 3054 929 3119 carnis
958 3055 1065 3118 vitam
1087 3060 1180 3119 tuam
1203 3055 1275 3140 pol·

231 3167 248 3196 “
272 3160 379 3234 lueris,
402 3163 465 3223 en!
496 3158 565 3244 ipse
595 3155 712 3221 vidisti
735 3156 815 3241 quid
845 3155 908 3221 tibi
930 3163 1065 3221 maneat
1099 3157 1135 3221 in
1157 3158 1273 3243 poenis

229 3269 246 3297 “
272 3261 411 3327 Securus
433 3281 510 3346 ergo
532 3259 653 3324 redeas.
684 3259 773 3323 Nam
796 3259 952 3345 quioquid
968 3259 1032 3323 huc
1047 3259 1195 3325 venienti
1212 3260 1274 3326 tibi
1287 3267 1359 3334 They
1371 3269 1411 3348 511-

231 3363 407 3429 “terroris
440 3367 511 3426 erat
535 3361 598 3425 tibi
622 3362 774 3427 redeunti
801 3361 904 3426 etiam
926 3383 1082 3448 apparere
1105 3335 1443 3455 pertines-mmm

231 3478 246 3503 “
269 3466 346 3533 eet.''
391 3465 445 3528 Ad
467 3463 536 3529 haee
561 3462 660 3529 verba
682 3464 874 3550 pavefactus
897 3464 990 3529 miles
1012 3487 1132 3551 magno
1152 3473 1274 3531 terrore

229 3568 441 3659 pontificibus
473 3565 574 3653 coepit
608 3566 797 3653 supplicare,
832 3588 873 3631 ne
905 3589 926 3630 a
957 3572 1052 3632 tanta
1083 3567 1203 3633 laetitia
1231 3568 1274 3632 ad

229 3669 415 3741 aerumnas⁹
452 3668 549 3755 hujus
587 3668 697 3734 saeculi
742 3668 847 3734 redire
892 3676 1069 3755 cogeretur.
1141 3670 1273 3751 “Non,”

230 3775 395 3861 inquiunt,
429 3778 501 3836 “ut
533 3771 678 3857 postulas
708 3771 799 3837 erit.”
844 3772 989 3859 Accepta
1018 3794 1095 3860 ergo
1125 3773 1276 3839 benedic·

222 3878 329 3956 tione,
352 3874 461 3940 tristis
484 3872 662 3938 admodum
693 3875 749 3938 sed
783 3877 896 3939 temen
928 3875 1117 3961 intrepidus,
1141 3897 1180 3941 ea
1210 3898 1276 3962 qua

230 3984 366 4048 venerat
403 3976 582 4042 revertitur
613 3976 677 4053 via,
712 3982 747 4041 et
780 3977 890 4041 clausa
923 3982 973 4042 est
1002 3978 1113 4062 janua.
1170 3979 1275 4060 Quem
1287 3992 1423 4072 Heprsees

230 4084 423 4151 redeuntem
447 4080 612 4146 daemones
634 4078 780 4164 undique
796 4078 1016 4145 discurrentes
1030 4085 1152 4147 terrere
1166 4084 1275 4147 conati
1287 4061 1422 4192 fflffi‘d

230 4191 328 4266 sunt,
361 4184 418 4249 sed
452 4182 494 4247 ad
528 4180 599 4267 ejus
633 4186 810 4268 aspectum,
834 4186 873 4247 ut
903 4181 1049 4262 oviculae,
1075 4185 1184 4250 territi
1217 4206 1275 4271 per
1287 4201 1441 4263 purgator„

231 4311 307 4355 aera
338 4287 547 4372 diffugerunt.
593 4283 660 4349 Sed
691 4305 750 4349 nec
773 4305 847 4349 eum
882 4289 1047 4352 tormenta
1079 4286 1196 4353 laedere
1218 4309 1275 4374 po-

232 4396 376 4458 tuerunt.
423 4387 570 4473 Cumque
608 4387 752 4453 venisset
782 4386 825 4452 ad
863 4386 1054 4473 praedictam
1092 4389 1201 4454 aulam
1239 4391 1274 4455 in

247 4596 517 4605 ..ψ-ᾔ·

264 4728 271 4757 ¹
290 4724 333 4792 ea]
353 4730 380 4772 ut
392 4722 419 4770 in
430 4721 485 4773 MS.
