3232 5692
535 771 674 820 rnours
695 771 802 820 annus
825 773 978 822 rnarrus.
1217 760 1281 822 225

233 939 353 1005 ticatas
389 940 469 1006 alibi
506 941 543 1005 in
576 942 738 1020 Bescrthe,
772 943 868 1007 nobis
906 945 1039 1029 insuper
1072 942 1280 1008 concedebat.
1293 946 1362 998 hl).
1377 952 1439 998 naa

234 1041 416 1127 Petrusque
453 1043 493 1108 (16
527 1043 650 1108 Setona
681 1049 787 1109 totam
823 1044 915 1108 illam
950 1044 1146 1130 particulam
1180 1049 1280 1110 terrae
1293 1016 1384 1144 ἓὲῖζ

232 1144 273 1207 (16
306 1144 380 1228 jure
416 1146 529 1209 uxoris
568 1167 635 1210 suae
673 1167 747 1230 quae
784 1144 995 1232 protenditur
1031 1167 1089 1231 per
1134 1146 1280 1210 medium
1291 1157 1357 1207 hom
1365 1158 1441 1208 Peter

232 1250 358 1310 curtem
380 1246 524 1334 grangiae
557 1253 678 1312 nostrae
711 1248 752 1311 de
783 1248 886 1322 Mora,
917 1246 1094 1311 habentem
1128 1249 1171 1311 49
1207 1269 1280 1332 per·
1291 1223 1379 1352 {eff

232 1347 315 1412 ticas
336 1348 372 1411 in
403 1348 610 1435 longitudine
632 1357 667 1415 et
700 1371 801 1414 unam
824 1350 984 1435 perticam
1018 1348 1055 1412 in
1091 1339 1310 1428 latitudine,'
1355 1339 1362 1353 ’

232 1449 327 1513 nobis
350 1452 513 1516 concessit
567 1450 674 1530 Quam
696 1452 908 1516 donationem
934 1451 1064 1515 Amicia
1098 1472 1186 1515 uxor
1219 1473 1280 1516 sua

232 1551 436 1630 confirmans,
466 1558 541 1639 post
582 1557 719 1618 mortem
755 1552 821 1616 viri
853 1553 914 1631 sui,
949 1552 1119 1639 quandam
1157 1557 1280 1617 terram

232 1650 293 1714 sub
334 1656 425 1718 curte
470 1654 568 1719 dictae
603 1655 749 1741 grangiae
786 1655 827 1720 de
868 1655 963 1720 Mora
995 1677 1016 1719 a
1057 1660 1150 1740 parte
1187 1652 1282 1739 cqui-

232 1752 340 1829 lonali,
374 1777 448 1839 quae
484 1754 585 1821 habet
621 1779 723 1821 unam
760 1757 918 1842 perticam
959 1757 995 1820 in
1029 1756 1212 1821 latitudine
1244 1760 1279 1820 et

232 1858 275 1920 34
297 1855 334 1919 in
365 1855 580 1944 longitudine,
608 1865 777 1944 totamque
801 1864 921 1923 terram
952 1860 992 1923 de
1017 1858 1113 1923 Mora
1147 1858 1188 1923 de
1219 1879 1279 1922 sua

231 1956 369 2021 dimidia
392 1966 551 2038 carucata,
573 1983 677 2025 unum
706 1961 839 2037 toftum,
861 1961 954 2025 xviii.
977 1983 1078 2040 acras,
1115 1983 1189 2026 cum
1210 1983 1278 2025 una

232 2060 391 2144 perticata
413 2066 447 2125 et
476 2062 622 2138 dimidia,
644 2067 679 2128 et
700 2068 767 2127 tres
790 2063 939 2128 selliones
970 2070 1079 2139 terrae,
1102 2063 1198 2128 nobis
1227 2062 1279 2127 in-

231 2183 328 2246 super
350 2162 554 2229 concedebat.
601 2164 823 2251 Ricardusque
847 2166 887 2230 de
910 2165 1036 2230 Setona
1059 2165 1151 2229 dedit
1182 2163 1277 2229 nobis
1290 2175 1340 2252 aad
1352 2174 1418 2224 from

168 2248 179 2274 ⁹
230 2284 289 2347 pro
327 2263 437 2329 decem
466 2265 579 2330 solidis
616 2272 722 2330 totam
760 2272 881 2330 terram
919 2288 993 2352 quae
1034 2266 1196 2353 pertinuit
1234 2266 1277 2331 ad
1289 2239 1402 2357 181ξὲξὰ

231 2363 402 2429 dimidiam
425 2373 609 2431 carucatam
632 2389 722 2432 suam
746 2368 781 2431 in
798 2367 914 2444 Mora;
941 2390 1042 2453 quam
1065 2368 1277 2433 donatiouem

231 2465 379 2530 Matildis
409 2489 494 2532 uxor
524 2490 593 2546 sua,
616 2474 690 2556 post
720 2475 861 2534 mortem
883 2469 948 2532 viri
981 2470 1041 2546 sui,
1071 2469 1276 2547 confirmans,

231 2567 325 2631 dedit
347 2569 442 2632 nobis
465 2591 565 2633 unam
586 2570 749 2635 culturam
772 2574 806 2634 et
828 2592 932 2634 unum
956 2570 1086 2635 toftum.
1128 2570 1276 2650 Quorum

231 2669 319 2733 filius
342 2669 490 2755 Rogerus
512 2671 605 2735 dedit
627 2672 721 2736 nobis
743 2678 810 2736 tres
842 2671 944 2737 tostos
968 2677 1002 2736 et
1025 2671 1106 2736 duas
1138 2672 1277 2737 bovatas

230 2776 327 2835 terrae
349 2772 389 2836 de
412 2773 525 2837 eadem
547 2773 686 2837 dimidie
707 2771 879 2838 carucata.¹
933 2773 1076 2838 Thomas
1099 2779 1211 2840 autem
1234 2775 1275 2839 (16

231 2872 425 2958 Greynesby
446 2875 622 2959 praedictns
648 2875 741 2939 dedit
764 2874 910 2941 Roberto
938 2875 979 2940 de
1005 2876 1065 2940 Tal
1081 2898 1149 2941 oue
1167 2877 1269 2941 servi-
1288 2885 1414 2938 crantor

230 2975 314 3038 tium
341 2979 376 3039 et
409 2976 595 3060 homagium
619 2976 757 3040 Roberti
790 2977 851 3040 filii
883 2977 1008 3054 Aliciae,
1041 2978 1161 3041 sororis
1194 2952 1403 3063 prae-h‘mss‘·

136 3092 143 3105 ·
230 3074 329 3139 dictae
352 3076 509 3152 Matildia
534 3077 574 3141 de
604 3076 742 3141 dimidia
763 3083 916 3142 carucata
939 3077 1057 3143 terrae³
1079 3077 1212 3155 ibidem,
1242 3083 1277 3143 et

230 3177 403 3241 servitium
426 3177 467 3242 de
491 3201 558 3242 una
579 3179 702 3244 bovata
724 3184 820 3244 terrae
842 3180 879 3243 in
894 3179 1165 3266 Walkyngtona;
1188 3180 1276 3265 quod

229 3279 402 3343 servitium
437 3280 555 3344 Petrus
591 3280 679 3344 filius
716 3280 796 3344 dicti
835 3279 972 3345 Roberti
1010 3280 1143 3345 Talonis
1180 3281 1275 3346 nobis

229 3384 343 3466 postea
360 3381 541 3459 concessit,⁴
564 3387 605 3445 ut
625 3381 760 3445 inferius
782 3381 1005 3466 subsequetur.
1053 3381 1118 3461 Qui
1141 3383 1275 3467 quidem

229 3482 370 3547 Thomas
393 3483 548 3567 quiequid
571 3483 747 3547 habuimus
770 3483 811 3546 de
833 3482 927 3548 feodo
950 3504 1017 3558 suo,
1033 3483 1086 3548 vel
1106 3483 1143 3546 in
1165 3489 1273 3569 poste-

228 3606 300 3648 rum
332 3584 450 3648 habere
472 3606 646 3670 possemus,
673 3584 769 3649 nobis
790 3585 1032 3669 imperpetuum
1055 3585 1272 3650 confirmavit.

229 3686 292 3749 Pro
317 3707 382 3771 quo
411 3706 471 3749 nos
504 3685 718 3750 concessimus
741 3685 846 3748 eidem
871 3684 1007 3750 Thomae
1030 3692 1065 3750 et
1099 3684 1273 3751 heredibus

228 3787 296 3851 suis
318 3808 421 3851 unum
444 3787 566 3851 toltum
588 3788 625 3850 in
641 3786 796 3851 Beforthe
820 3788 860 3850 de
883 3787 979 3851 nobis
1002 3788 1202 3867 tenendum3
1225 3788 1274 3854 ita

228 3889 316 3973 quod
348 3910 408 3953 nos
439 3888 523 3951 nihil
553 3889 593 3952 de
625 3888 672 3952 eis
703 3889 906 3974 exigeremus
943 3893 1063 3974 praeter
1099 3888 1272 3953 dimidiam

226 3990 345 4055 libram
369 3990 436 4054 albi
464 3991 589 4055 incensi
619 3991 803 4068 annuatim,
826 3989 863 4053 in
893 3990 947 4054 die
971 3989 1086 4056 Sancti
1109 3990 1272 4056 Johannis

228 4092 408 4178 Baptistoe3
431 4097 473 4167 et,
496 4091 525 4155 si
546 4092 616 4177 ipse
642 4095 702 4155 aut
735 4089 869 4155 heredes
891 4091 943 4154 sui
973 4091 1078 4176 ipsam
1100 4090 1272 4155 confirma

227 4195 352 4258 tionem
382 4194 419 4257 in
449 4193 559 4278 aliquo
590 4193 767 4279 infringere
798 4198 1044 4278 attemptarent,
1072 4214 1132 4258 nos
1163 4193 1271 4279 ipsum

261 4506 362 4556 'After
371 4514 490 4556 rancato
501 4506 580 4557 insert
590 4513 670 4568 terra,
682 4505 712 4556 P.
745 4519 772 4651 11
805 4504 914 4569 'terra]
934 4504 1125 4568 wantinginP.

260 4583 394 4651 ²Tclone]
413 4585 573 4646 Thalone‚P.
806 4582 959 4635 ⁴coacersitl
978 4585 1129 4643 conserebat,
1138 4583 1169 4634 P.

1114 4681 1135 4727 P
