3232 5692
360 774 426 841 288
645 788 803 844 ¹tironos
824 790 933 845 senes
955 789 1111 846 memus

192 982 338 1035 A,1),1139
360 968 427 1025 sus¹
447 974 500 1034 est,
523 969 703 1026 “Haurietis
721 987 811 1041 eques
840 971 872 1025 in
899 970 1008 1042 gondio
1033 971 1071 1027 de
1091 969 1220 1026 fontibus
1248 967 1415 1026 Solvetoris

191 1055 282 1123 4¹96,-
362 1055 381 1081 “
400 1071 453 1109 vos
471 1069 625 1125 pauperes,
646 1052 736 1110 duros
755 1054 883 1111 divitum
908 1071 1012 1111 manus
1038 1052 1171 1126 experti3
1198 1054 1313 1110 haurite
1332 1069 1415 1109 nnnc

362 1137 438 1192 “de
468 1135 594 1192 fontibus
626 1137 700 1192 meis
731 1154 823 1208 eques
853 1136 993 1194 doctrine)
1023 1136 1169 1203 solutoris,
1198 1143 1229 1194 et
1257 1136 1313 1193 hoo
1342 1153 1414 1193 oum

362 1224 382 1248 “
401 1219 519 1292 gaudio,
540 1220 610 1292 quie
633 1220 697 1292 jem
717 1220 799 1278 venit
825 1226 942 1293 tempus
969 1220 1146 1277 visitationis
1173 1219 1312 1277 vestroe.”
1350 1218 1414 1276 Sed

360 1304 487 1371 tandem,
507 1311 574 1377 post
598 1303 779 1376 quorundam
803 1304 913 1360 civium
934 1304 1163 1377 peremptionem
1182 1321 1269 1374 quem
1287 1304 1410 1369 feceret,

360 1395 472 1459 ceptus,
494 1388 578 1460 equis
602 1388 770 1454 distractus,
796 1405 864 1444 enm
888 1388 956 1445 eliis
975 1387 1038 1444 suis
1062 1387 1255 1460 complicibus
1276 1386 1412 1459 patibulo

359 1488 521 1543 suspensus
548 1477 602 1528 est.
639 1471 699 1528 Hic
716 1472 817 1543 itaque
839 1471 984 1528 Ricardns
1009 1489 1061 1527 rex
1084 1471 1223 1543 regnavit
1246 1468 1410 1544 [tempore]

359 1556 448 1628 hujus
472 1555 585 1612 abbatis
602 1555 722 1612 Thomae
740 1557 758 1613 3
775 1561 841 1612 octo
859 1555 960 1621 ennis;
981 1562 1012 1612 et
1029 1555 1066 1612 de
1090 1555 1210 1613 residuo
1227 1555 1410 1628 regnationis

192 1645 337 1702 cheneres
359 1640 405 1696 eui
418 1650 549 1712 tempore
566 1640 725 1697 Aleximdri
737 1639 850 1696 obbatis
869 1640 1019 1711 sequentis
1032 1640 1185 1696 referetur.
1221 1639 1290 1711 Ipse
1308 1646 1409 1695 entem

190 1717 328 1778 Pffliffltiml
359 1723 503 1780 Ricardus
514 1740 575 1789 rex,
589 1729 720 1796 tompore
731 1723 820 1795 hnjns
838 1724 953 1780 ebbetis
965 1723 1093 1791 Thomas,
1107 1729 1215 1796 praeter
1227 1723 1300 1779 olias
1318 1722 1409 1778 libcr-

190 1780 329 1900 ffiffl
358 1813 434 1865 tetes
458 1808 634 1864 monasterio
652 1814 750 1864 nostro
774 1826 827 1880 per
850 1815 1048 1865 antecessores
1067 1826 1136 1865 suos
1154 1824 1316 1873 concessas,
1341 1825 1407 1872 nos,

225 1862 239 1897 ⁰
330 1886 568 1948 'monesterium
585 1898 718 1948 nostrum
738 1898 769 1947 et
787 1892 985 1965 possessiones
1003 1898 1129 1958 nostres,
1149 1891 1187 1948 od
1209 1891 1408 1948 defensionem

358 1982 487 2032 nostram
509 1982 610 2033 contre
633 1977 768 2033 incursus
789 1994 1006 2047 perversorum,
1032 1977 1064 2031 in
1087 1993 1216 2041 menum,
1241 1975 1408 2032 custodiam

358 2066 388 2115 et
403 2061 613 2132 protectionem
627 2079 720 2128 suem,
741 2060 930 2133 suscipiebat.
967 2060 1119 2116 Goliridus
1139 2061 1229 2117 freter
1241 2059 1312 2115 dicti
1323 2060 1408 2131 regis

358 2144 487 2209 Ricardi,
513 2144 565 2200 sed
594 2145 711 2209 nothus,
738 2144 831 2199 foetus
861 2150 907 2200 est
935 2143 1173 2214 archiepiscopus
1202 2143 1405 2199 Eboreccnsis.

191 2234 277 2301 Hugh,
357 2227 448 2298 Hugo
466 2227 619 2301 episeopus
640 2227 816 2284 Oestriensis
834 2226 1021 2293 decumbens,
1041 2245 1073 2282 se
1091 2227 1199 2299 ipsum,
1224 2243 1277 2298 pro
1301 2227 1408 2283 melis²

189 2302 279 2367 b³⁸h0i>
290 2302 321 2353 ⁰s
356 2311 462 2367 errotis
480 2314 552 2378 suis,
566 2311 746 2383 odjudicavit
764 2329 857 2383 usquo
870 2311 908 2367 cd
925 2310 1003 2367 diem
1019 2310 1126 2383 judicii
1143 2312 1407 2383 poenepurgctorii

190 2369 302 2420 cmm·
356 2396 556 2451 cruciandum.

360 2577 423 2587 -ο
671 2577 852 2587 --ι--ᾁ-

391 2698 521 2766 'emend
535 2700 664 2761 extorsus,
676 2700 731 2752 Ms.
877 2697 882 2765 Ι
937 2700 948 2730 ²
964 2698 1047 2766 maiis]
1067 2699 1133 2752 male
1144 2698 1170 2749 in
1181 2699 1241 2750 both
1252 2699 1327 2752 MSS.
