3232 5692
362 752 427 817 308
618 761 830 815 anaxaaoua
851 762 959 815 uanas
982 762 1146 826 quamue

193 949 261 1002 Μ).
275 957 337 1009 1197
363 942 482 1020 omnia,
506 962 579 1006 oum
604 940 702 1005 dietis
724 939 851 1004 duabus
882 938 1012 1005 bovntie
1033 944 1131 1006 torrae
1157 939 1195 1005 in
1215 937 1417 1026 Wesiheyi·

193 1023 282 1072 '¹²¹⁰‘
362 1041 448 1122 feld,¹
467 1050 580 1131 postea
601 1043 737 1109 fuerunt
759 1042 928 1122 alienatae;
953 1048 992 1108 ut
1014 1045 1049 1108 in
1071 1040 1237 1130 tempore⁹
1253 1042 1416 1130 Hugonis

360 1146 491 1212 abbatis
516 1147 533 1210 5
559 1151 672 1233 postea
694 1144 858 1211 referetur.

363 1462 462 1529 VIII.
503 1462 551 1528 De
588 1462 690 1529 tertie
726 1469 755 1527 et
794 1462 990 1529 teaemeatie
1019 1463 1063 1528 ia
1101 1462 1244 1539 donoalo?
1281 1461 1414 1529 &tona

452 1565 542 1632 aliae
565 1565 744 1649 Eryieoota
759 1565 979 1650 Deyaybowe,
995 1564 1169 1652 Besortioe,⁴
1185 1565 1295 1644 Mora,
1313 1572 1344 1632 et
1366 1566 1413 1632 ia

451 1668 666 1735 Hettbaraio
689 1676 719 1734 et
751 1667 954 1737 Watbaoad.⁶

195 1829 296 1882 nouato.
408 1829 525 1895 Petrus
548 1830 648 1894 eiiam
672 1829 713 1895 de
740 1829 897 1894 Tusoheii
923 1829 1016 1895 dedii
1045 1828 1140 1895 nobis
1162 1830 1301 1916 capitale
1324 1850 1413 1895 mes·

193 1911 350 2027 ffflssew
362 1934 497 2022 nogium
527 1954 625 1998 suum
655 1955 728 1997 oum
759 1938 902 2017 quotuor
930 1933 1063 1997 bovatis
1086 1937 1183 1998 terrae
1212 1933 1247 1999 in
1279 1931 1413 2000 Gousle.

194 2043 218 2091 Τ
220 2044 316 2094 uschea
362 2038 545 2122 Petrusque
568 2035 656 2100 filius
678 2035 768 2100 Petri
792 2035 833 2100 de
849 2033 1046 2122 Aldburgho
1069 2035 1162 2100 dedit
1184 2035 1280 2101 nobis
1303 2058 1411 2101 unum

194 2112 244 2160 ⁰¹¹⁶
255 2110 347 2162 others.
360 2141 507 2205 clausum
525 2140 559 2203 in
583 2138 696 2204 eadem
713 2137 799 2202 villa
840 2137 945 2217 Quae⁰
960 2143 1075 2224 postea
1089 2139 1224 2204 fuerunt
1246 2138 1412 2217 alienatae,

361 2249 400 2308 ut
430 2243 466 2308 iu
498 2246 645 2326 tempore
675 2240 829 2326 Hugonie
851 2240 982 2306 abbatis
1006 2244 1024 2304 5
1050 2246 1084 2306 et
1115 2239 1285 2308 Michaelis
1307 2240 1411 2307 abba·

194 2351 340 2404 withsand.
360 2347 405 2410 tis
435 2347 455 2407 8
486 2350 600 2430 postea
633 2342 800 2408 referetur.
858 2342 927 2408 Ἐὖ
956 2343 1121 2409 Henricua
1151 2342 1239 2408 filius
1270 2343 1411 2408 Robeiti

359 2448 399 2512 de
438 2445 625 2511 Waibsand
663 2445 755 2510 dedit
791 2445 885 2511 nobis
917 2446 999 2511 duos
1033 2445 1172 2511 bovatas
1206 2452 1302 2512 aaa
1333 2469 1410 2513 cum

360 2571 425 2613 uno
456 2547 542 2613 tofto
571 2548 608 2612 in
635 2546 829 2613 Wathsand.
886 2547 931 2613 Et
959 2546 1124 2613 Robertus
1150 2547 1287 2613 Stanere
1314 2548 1411 2616 dedit

359 2652 455 2717 nobis
486 2672 586 2716 unam
616 2649 773 2714 bovatam
803 2654 900 2716 terrae
931 2671 1004 2715 cum
1035 2651 1244 2738 pertinentiis
1274 2651 1408 2718 ibidem.

361 2752 489 2833 Quibus
528 2753 574 2817 sio
613 2751 762 2837 acceptis,
793 2751 881 2817 idem
922 2751 1023 2816 abbas
1053 2751 1243 2818 Alexander
1283 2754 1410 2841 incepit

359 2857 532 2943 grangiam
567 2855 607 2919 de
638 2850 827 2918 Wuthsand
857 2853 960 2938 juxta
990 2854 1096 2919 lacum
1127 2854 1167 2919 do
1198 2855 1337 2932 Hornse,
1368 2862 1410 2923 ut

360 2967 429 3025 tam
453 2959 549 3025 terrio
572 2956 693 3022 nostris
716 2956 757 3022 de
774 2957 961 3022 Watbsand
983 2979 1081 3042 quam
1104 2956 1145 3021 de
1161 2957 1284 3023 Seioua
1298 2965 1410 3046 posset

360 3062 560 3128 commodius
598 3059 794 3125 convenire.⁷
853 3059 916 3125 Cui
954 3081 1031 3145 ergo
1065 3060 1233 3146 grangim⁸
1268 3061 1409 3127 Williel-

360 3188 433 3231 mus
467 3165 508 3228 do
531 3165 662 3248 Aroyns
697 3159 812 3227 dodit⁰
837 3162 931 3226 nobie
968 3166 1034 3227 ires
1070 3163 1210 3228 bovatas
1242 3170 1339 3230 ieme
1370 3165 1407 3231 in

360 3267 491 3345 Seiana,
516 3270 629 3352 postea
652 3262 843 3329 venditan¹⁰
860 3268 899 3329 ut
921 3264 1101 3348 praefertur.
1146 3265 1407 3353 Williolmusque

360 3370 448 3434 filius
473 3368 641 3433 Godefridi
661 3367 701 3430 de
724 3366 849 3432 Seioua
872 3367 965 3433 dedit
991 3368 1087 3433 nobis
1112 3391 1170 3434 sex
1192 3391 1284 3435 acras
1310 3376 1408 3437 terreo

362 3473 395 3538 in
411 3471 545 3551 eadem;
562 3493 643 3557 quas
666 3471 753 3535 idum
765 3468 786 3506 ¹¹
805 3470 906 3535 abbas
927 3468 1125 3550 Alexander,
1142 3478 1176 3538 ot
1191 3476 1301 3538 totum
1317 3474 1407 3558 quod

393 3744 468 3790 ¹cum
488 3778 494 3790 .
513 3775 543 3790 ..
567 3736 748 3803 ii'aatlwytseld]
780 3718 881 3797 wint-1
906 3741 1159 3806 nemnuiussageuae
1177 3742 1203 3790 in
1220 3750 1271 3792 tota
1282 3745 1408 3794 monade

358 3822 403 3887 ing
416 3821 440 3870 in
454 3822 482 3870 Ρ.
906 3819 1047 3870 Wathsand
1078 3827 1102 3869 et
1126 3822 1156 3869 de
1177 3820 1283 3871 liornse.
1331 3822 1407 3884 Quod

391 3902 493 3950 ²Astor
505 3908 606 3964 reamare
616 3898 693 3946 insert
701 3897 819 3959 ejusdem,
829 3897 858 3947 Ρ.
906 3899 1017 3949 clausum
1042 3900 1115 3959 Petro
1144 3899 1196 3949 filio
1220 3899 1352 3950 Willielmi
1375 3903 1407 3951 de

391 3983 400 4010 ³
420 3977 529 4044 Gowele]
544 3978 656 4041 wanting
667 3977 692 4025 in
705 3976 734 4026 P.
907 3979 1001 4030 Setonu
1017 3980 1049 4028 do
1072 3980 1168 4029 duobus
1188 3979 1296 4029 denariis
1316 3980 1407 4030 annuis

393 4061 402 4088 ⁴
419 4059 495 4108 Aster
506 4056 624 4121 Befortite
635 4057 756 4115 interiet,
768 4056 797 4106 P.
905 4059 1005 4108 fueraut
1016 4067 1152 4118 oneratum,
1164 4074 1226 4123 quos
1238 4059 1304 4108 idem
1316 4059 1407 4110 Petrus

393 4141 403 4167 ⁵
419 4147 441 4186 ee
459 4136 608 4202 ii'atiuand]
624 4135 735 4200 wanting
745 4135 772 4184 in
784 4136 813 4187 P.
907 4137 979 4188 nobis
990 4137 1170 4201 imperpetuum
1181 4139 1330 4200 remittebat,
1342 4139 1371 4189 P.

393 4220 402 4247 ⁸
423 4217 497 4282 Quo]
513 4218 587 4279 Quod
607 4216 718 4266 clausum
735 4222 761 4264 ot
771 4214 858 4280 ipsane
938 4218 948 4247 ¹
965 4218 1149 4283 eryoyranqioe]
1164 4218 1299 4279 clauso,1'.

359 4299 456 4346 bovutm
469 4304 548 4354 temo,
561 4295 590 4344 P.
939 4295 1042 4361 ⁹ambe]
1064 4297 1094 4345 do
1114 4313 1164 4360 quo
1186 4298 1323 4362 praefertur,
1345 4314 1406 4350 ven-

393 4379 400 4404 i
419 4375 456 4423 Et
478 4373 602 4423 Mauricus
620 4411 626 4423 .
645 4411 651 4424 .
670 4412 676 4423 .
695 4411 701 4424 .
718 4373 859 4422 mmuaociiua
906 4375 975 4434 didit,
987 4375 1016 4425 Ρ.

358 4456 496 4520 amoenae]
519 4454 552 4502 Et
570 4453 700 4502 Johannes
719 4455 749 4503 du
767 4453 859 4503 Luneiu
940 4455 958 4484 ¹⁰
977 4453 1086 4503 Setonu.
1107 4490 1113 4503 .
1132 4493 1137 4504 .
1156 4456 1297 4522 ‚venditum
1318 4458 1405 4507 eadem

359 4533 428 4584 dedit
439 4534 513 4582 nobis
530 4548 608 4582 unum
626 4533 738 4582 clausum
750 4532 776 4580 in
788 4532 858 4582 teni-
906 4533 976 4589 villa.
993 4549 1048 4597 qum
1061 4534 1151 4585 iterum
1169 4551 1184 4584 a
1205 4537 1277 4585 nobis
1297 4537 1406 4587 venditae

358 4613 423 4662 torio
434 4615 465 4662 do
477 4613 575 4667 Seioua.
591 4627 665 4676 quem
684 4612 772 4661 habuit
786 4627 860 4675 super
906 4614 1013 4671 suerum,
1025 4614 1055 4664 P.

358 4706 466 4742 murram
484 4694 515 4742 de
533 4691 682 4752 withsand,
700 4700 726 4742 et
742 4691 859 4756 piscatio-
940 4694 956 4725 ¹¹
975 4692 1048 4759 idem]
1062 4695 1176 4758 repeated
1188 4694 1213 4744 in
1226 4694 1256 4745 E.
