3232 5692
343 721 410 788 130
673 736 773 801 anau
795 738 904 804 assas
927 740 1063 790 smnus

344 933 543 1001 congregans
576 912 758 980 exereitum
791 913 1044 1002 aggrediebatur
1074 913 1322 994 Narmanniam‚
1356 915 1392 977 et

176 1015 299 1069 neuter
344 1016 549 1082 manuforti
571 1038 643 1082 eam
667 1017 825 1103 capitae
859 1015 956 1082 dictis
986 1016 1145 1094 Galia-ido,
1166 1016 1321 1082 *Matildi
1354 1020 1389 1081 et

176 1083 325 1202 mgis
345 1115 510 1196 Hemieox
525 1117 721 1185 retrudebat.
757 1117 830 1183 Rex
850 1117 963 1204 itaque
981 1115 1173 1185 Lodowicus
1195 1140 1254 1206 pro
1278 1114 1391 1184 eadem

176 1216 321 1269 aversato
343 1223 433 1285 terra
456 1219 671 1287 Normanniee
698 1219 807 1307 ipsum
834 1217 1016 1297 Heurieum
1037 1219 1204 1286 hominem
1225 1241 1323 1286 suum
1344 1218 1390 1283 le·

178 1281 304 1351 Gaura.
341 1320 435 1407 gium
457 1322 551 1410 oepit
597 1322 652 1402 Et,
674 1343 734 1410 pro
757 1321 922 1408 adjutorio
944 1344 1002 1410 per
1022 1321 1131 1410 ipsum
1152 1344 1262 1411 regem
1286 1319 1392 1387 Lodo·

343 1423 463 1489 wicum
485 1423 612 1502 collato,
645 1424 710 1511 ipsi
744 1421 912 1490 Galfridue
945 1427 980 1490 et
1002 1423 1165 1491 Henrious
1198 1424 1286 1489 filius
1311 1445 1389 1489 suus

176 1525 505 1593 Thevexindederunt
527 1525 734 1592 Viseasinum
767 1525 991 1605 Nomentum,
1016 1526 1052 1589 in
1081 1548 1146 1612 quo
1172 1527 1386 1593 continentur

343 1626 534 1706 Gisoroium,
556 1628 677 1703 Neefle,
702 1626 929 1714 Stripiniacus,
951 1635 987 1693 et
1018 1627 1125 1694 multa
1154 1628 1221 1694 elia
1250 1628 1389 1703 castella,

340 1733 450 1796 totum
470 1729 517 1794 in.
532 1751 652 1794 munus
672 1728 847 1795 Lodowieo
869 1728 1017 1796 Francius
1042 1729 1120 1816 regi
1164 1728 1291 1808 Postea,
1314 1757 1388 1794 anno
1401 1731 1467 1786 nen
1475 1733 1560 1790 nnnc

342 1839 560 1912 quartodecimo
588 1831 675 1918 regis
698 1830 867 1917 Stephani,
897 1838 994 1895 David
1028 1856 1080 1895 rex
1116 1838 1281 1897 Scottorum
1299 1831 1388 1896 (licto
1400 1814 1424 1863 p.
1437 1805 1494 1852 ³⁹⁶¹

341 1940 473 1999 Henrieo
490 1931 559 1997 filio
588 1932 806 2021 imperatricis
828 1939 999 2013 nepotiano
1024 1939 1125 1995 virilia
1147 1940 1270 1997 tradidit
1296 1959 1384 1998 arma

341 2042 416 2098 Cum
435 2049 534 2098 autem
555 2043 728 2118 congregati
751 2043 877 2099 fuissent
895 2032 983 2121 apud
1006 2031 1192 2098 Karliolum
1209 2042 1240 2098 iu
1258 2043 1381 2099 solenni·

339 2147 399 2199 tate
429 2132 537 2200 dietus
559 2162 612 2201 rex
637 2143 804 2201 Scottorum
828 2161 896 2199 oum
918 2142 1031 2198 viribus
1058 2143 1120 2199 suis
1145 2148 1174 2198 et
1198 2161 1288 2215 nepos
1313 2163 1384 2200 suus

173 2245 284 2314 Stephon
340 2233 506 2302 Henricus
524 2262 591 2303 cum
614 2244 843 2301 occidentalibus
868 2243 985 2316 Anglim
1009 2243 1189 2315 proceribus,
1209 2245 1315 2300 timens
1334 2264 1385 2301 rex

171 2315 285 2432 ffiehff
339 2336 505 2409 Stephanus
535 2355 572 2393 ne
598 2336 763 2400 Eboremrm
791 2334 963 2402 invaderent
997 2335 1078 2392 venit
1104 2334 1289 2402 Eboracum)
1317 2355 1385 2393 cum

170 2397 288 2511 ὥστ’
338 2420 465 2492 magno²
483 2420 623 2485 exercitu,
643 2420 743 2492 ibique
761 2424 891 2475 moratus
910 2425 955 2474 est
971 2435 1025 2490 per
1041 2436 1171 2474 mensem
1189 2419 1301 2476 unum.⁸
1336 2421 1384 2476 In-

170 2476 279 2579 Emgg,
338 2505 427 2562 terim
444 2504 621 2563 Eustochiae
640 2504 718 2559 filins
737 2503 817 2576 regis
837 2501 987 2573 Stephani,
1008 2502 1059 2574 qui
1072 2502 1136 2574 jam
1154 2508 1184 2558 et
1201 2503 1264 2575 ipse
1283 2504 1384 2560 eodem

170 2594 226 2659 lays
237 2600 315 2646 waste
340 2607 414 2646 anno
431 2590 531 2645 virilia
556 2593 722 2661 sumpserat
747 2605 837 2651 erma,
865 2585 954 2642 irruit
978 2586 1008 2640 in
1034 2591 1129 2641 terras
1154 2604 1308 2657 procerum
1332 2589 1383 2660 qui

169 2659 212 2710 ¹1¹⁶
222 2661 293 2712 ¹⁸¹¹&
339 2679 423 2730 eraut
439 2692 507 2729 oum
518 2672 648 2729 Henrico
666 2671 727 2727 filio
744 2670 939 2743 imperatricis
958 2709 966 2725 .
988 2711 995 2724 .
1017 2711 1023 2725 .
1044 2674 1074 2725 et
1091 2669 1151 2726 illis
1169 2689 1227 2726 non
1239 2671 1385 2727 modicum

168 2727 295 2859 {sewi
339 2765 477 2822 damnum
507 2764 667 2836 infligebat.
705 2763 768 2818 Rex
798 2762 917 2835 quidem
946 2751 1132 2839 Stephanus
1161 2763 1327 2835 Anglorum
1356 2769 1387 2819 et

169 2859 304 2912 s0110'01t
337 2857 448 2923 David
471 2884 523 2921 rex
542 2864 718 2930 Scottorum,
738 2863 812 2920 alter
834 2863 912 2934 apud
929 2862 1093 2920 Eboracum
1118 2863 1192 2920 alter
1210 2865 1287 2937 apud
1305 2865 1380 2921 Kar·

336 2959 450 3026 liolum,
480 2958 538 3014 sibi
565 2963 667 3013 mutuo
693 2961 829 3012 caventes
855 2961 884 3011 et
910 2954 1056 3011 offendere
1085 2957 1232 3022 timentes,
1263 2974 1316 3029 par
1346 2975 1378 3014 se

336 3044 416 3117 ipsos
435 3041 524 3098 divisi
543 3045 620 3108 sunt,
641 3048 672 3097 et
689 3039 726 3096 ad
744 3039 893 3095 domicilia
910 3056 1068 3111 regnorum
1085 3039 1270 3112 repedarunt.

336 3332 418 3404 aar.
443 3333 606 3401 XXVIII.
630 3333 679 3399 Dc
700 3330 794 3398 obita
819 3329 977 3416 Gatfrc‘ai
1002 3329 1135 3397 canitis
1160 3331 1380 3417 Aadepava'ae,

424 3446 454 3505 et
471 3436 728 3523 despumatione
742 3433 843 3501 dacto
858 3433 1007 3499 Hauriat
1013 3432 1092 3519 fittc‘
1105 3433 1190 3513 sai;
1210 3456 1382 3520 capacita-

427 3541 517 3607 aaa
533 3536 763 3604 Normaoaioe
782 3557 968 3623 perrepere
982 3534 1162 3615 Francia·
1185 3543 1214 3601 at
1234 3536 1381 3623 qualiter

423 3664 483 3708 rec
505 3639 698 3727 Stephanae
720 3637 871 3705 uoluerat
892 3636 1118 3703 Eustachium
1131 3637 1264 3724 filiam
1277 3661 1382 3706 eaam

424 3743 467 3809 ia
489 3763 598 3827 repara
621 3760 787 3807 emanare.

166 3917 234 3971 Aa).
248 3924 312 3972 1160
370 3915 433 3970 Rex
452 3913 627 3985 Stephanae,
647 3927 722 3965 anno
739 3907 825 3980 regni
843 3909 889 3964 sui
908 3908 1132 3980 quintodecimo,
1152 3923 1217 3987 quo
1240 3924 1327 3968 anno
1346 3909 1381 3969 et
1394 3916 1552 3974 sennua.

167 3991 278 4130 ειὲέζθη
333 4013 485 4074 nostrum
507 4002 742 4070 monasterium
766 4001 806 4066 de
831 4000 935 4066 Melea
956 4002 1098 4088 sumpsit
1120 4004 1299 4083 exordium,
1321 4016 1379 4071 eol·
1393 3999 1415 4047 P·
1428 3989 1483 4036 ³⁹⁵·

165 4132 223 4182 ἢκ,
235 4134 278 4185 the
332 4109 418 4166 lectis
432 4107 611 4179 agminibus,
624 4105 729 4160 urbem
741 4102 947 4174 Wyreoestriae
965 4102 1191 4175 pulcherrimam
1204 4107 1331 4162 assilivit
1348 4114 1379 4163 et

165 4199 218 4265 city
230 4199 260 4250 of
333 4200 448 4267 captam
465 4190 599 4247 incendio
612 4187 788 4260 deturpavit.
828 4186 988 4242 Castellum
1006 4192 1105 4243 temen
1117 4189 1194 4261 quod
1205 4190 1272 4245 urbi
1285 4191 1379 4249 inerat

165 4266 316 4320 W⁰¹⁰²⁸i⁸¹i
332 4304 436 4361 capere
448 4302 505 4340 non
516 4282 674 4339 valebat.⁴.
695 4322 703 4337 .
724 4323 731 4336 .
754 4269 914 4356 Sequenti
929 4292 1016 4335 anno
1030 4293 1089 4336 rex
1104 4281 1213 4337 iterum
1224 4283 1377 4354 Wyreces·

1246 4435 1376 4444 nm..—

367 4528 373 4558 ¹
392 4527 545 4593 Etorocan]
564 4527 591 4576 in
602 4527 697 4586 urbem,
708 4524 742 4575 11.
751 4524 830 4576 Hont.
911 4527 920 4555 ³
937 4525 1022 4593 unum]
1041 4525 1195 4594 Augustum,
1207 4530 1241 4580 11.
1253 4530 1332 4583 liunt.

365 4612 376 4642 a
391 4606 490 4674 ww]
508 4604 628 4666 maximo,
641 4604 673 4656 Η.
685 4604 765 4657 liunt
911 4607 920 4635 ⁴
938 4603 1045 4673 volem]
1064 4607 1152 4672 potuit,
1164 4609 1197 4660 Η.
1209 4609 1289 4661 Huni.
