3256 5692
367 784 434 850 434
642 798 817 853 melanus
839 799 945 851 sauss
967 797 1161 852 summus·

202 978 272 1029 Μ)-
287 979 349 1027 ¹²¹⁷
369 997 427 1041 esu
449 975 596 1041 carnium
629 976 676 1041 sic
705 977 903 1058 frustratur3
933 999 1006 1042 cum
1028 978 1115 1043 inter
1136 998 1197 1042 nos
1225 977 1315 1062 ipsos
1345 997 1423 1040 con·

203 1048 294 1096 '¹⁹²⁷'
369 1078 511 1143 suetudo
539 1078 680 1144 inolevit
706 1080 794 1166 quod
822 1101 892 1160 nos,
923 1101 1013 1145 more
1041 1079 1255 1158 secunlum,
1288 1079 1331 1143 ab
1363 1100 1421 1142 esu

369 1180 518 1246 carnium
540 1181 676 1246 minime
698 1186 949 1267 sequestramus,
972 1182 1037 1247 illis
1059 1182 1177 1248 saltem
1207 1181 1324 1247 diebus
1346 1180 1421 1266 qui-

369 1282 432 1349 bus
454 1283 519 1370 ipsi
541 1285 717 1350 earundem
740 1285 939 1350 comestione
972 1284 1060 1350 licite
1092 1284 1316 1372 perfruuntur,
1352 1282 1425 1350 Ad·

371 1391 477 1452 ventu
500 1385 635 1452 Domini
657 1392 691 1452 et
707 1385 961 1474 Septuagesima
982 1388 1162 1454 dumtaxat
1177 1387 1330 1475 exceptis.
1379 1384 1426 1448 Et

372 1511 415 1555 nc
436 1487 635 1554 auctoritate
656 1489 847 1555 litterarum
870 1489 1123 1575 apostolicarum
1147 1491 1188 1555 de
1210 1490 1316 1556 causis
1338 1509 1426 1554 com-

373 1591 568 1680 pelleremur
582 1612 775 1679 cognoscere
798 1591 1015 1678 litigantium,
1030 1592 1085 1656 vel
1106 1593 1197 1657 ultra
1219 1592 1302 1656 duas
1318 1591 1426 1655 dietas

374 1717 394 1759 a
415 1692 558 1779 propriis
579 1694 787 1760 monasteriis
809 1693 898 1758 trohi
920 1714 1091 1780 possemus
1113 1694 1150 1757 in
1172 1715 1314 1772 causam
1329 1692 1427 1757 nobis

375 1801 410 1862 et
431 1797 595 1862 universis
625 1795 803 1862 abbatibus
825 1801 861 1860 et
886 1795 1045 1861 fratribus
1075 1797 1181 1862 nostri
1217 1797 1343 1863 ordinis
1366 1816 1425 1881 per

375 1921 513 1988 regnum
536 1898 669 1986 Angliae
691 1898 882 1964 constitutis
911 1897 1132 1980 concedebat;
1166 1898 1230 1963 nisi
1253 1898 1340 1963 sorte
1362 1897 1426 1961 im-

376 2007 515 2090 petratae
530 2024 551 2066 a
573 2001 648 2067 sede
663 2001 842 2088 apostolica
856 2001 979 2067 litteras
1002 2000 1135 2087 plenam
1150 2001 1192 2066 dc
1206 1999 1427 2087 indulgentiis

376 2105 565 2190 hujusmodi
587 2104 723 2170 fecerint
746 2103 958 2169 mentionem.
1000 2105 1114 2188 Atque
1136 2101 1273 2190 praefato
1289 2102 1429 2168 concilio

377 2206 593 2273 Iateranensi
615 2206 789 2272 inhibebat
811 2211 851 2271 ut
874 2206 986 2270 nullus
1018 2228 1039 2270 a
1061 2205 1156 2271 nobis
1186 2206 1228 2271 de
1250 2205 1428 2271 novalibus

376 2332 397 2374 a
430 2316 578 2397 temporo
612 2309 764 2395 praedicti
796 2308 926 2373 concilii
960 2307 1109 2386 excultis,
1137 2308 1191 2374 vel
1222 2309 1428 2393 inposterum

376 2412 519 2497 propriis
552 2411 705 2477 manibus
742 2416 802 2477 aut
840 2410 1030 2497 sumptibus
1067 2410 1262 2489 excolendis,
1297 2410 1351 2475 vel
1390 2410 1430 2474 de

376 2515 474 2580 terris
496 2514 619 2580 nostris
641 2518 720 2579 ante
742 2513 920 2600 praefatum
943 2513 1117 2580 concilium
1143 2513 1323 2600 acquisitis,
1345 2534 1426 2599 quas

376 2622 454 2682 ante
492 2616 618 2681 dictum
650 2616 826 2682 concilium
865 2615 940 2680 aliis
973 2617 1188 2683 concessimus
1220 2615 1426 2693 excolendas,

383 2741 457 2805 quae
489 2722 565 2804 post
603 2716 729 2782 dictum
767 2717 941 2782 concilium
978 2719 1022 2783 ad
1059 2741 1175 2785 manus
1212 2723 1344 2784 nostras
1382 2718 1428 2782 sic

378 2843 537 2889 concessae
575 2819 753 2898 redierunt,
790 2818 933 2885 decimas
970 2820 1104 2908 exigere
1144 2821 1199 2887 vel
1236 2820 1430 2909 aliqualiter

378 2929 591 3013 praesumeret
628 2927 831 3007 extorquere.
888 2921 1039 2989 Praelatis
1079 2924 1212 3010 insuper
1257 2922 1425 2988 universis

378 3026 592 3116 injungendo,
616 3030 779 3112 quatenus
813 3024 989 3111 privilegiu
1011 3031 1045 3092 et
1075 3025 1304 3113 indulgentias
1331 3025 1428 3090 nobis

379 3155 400 3198 a
423 3132 498 3196 sede
521 3128 701 3216 apostolica
734 3129 824 3214 prius
855 3149 1022 3193 concessas
1056 3127 1296 3193 inviolabiliter
1319 3129 1431 3193 obser·

381 3238 499 3300 varent
523 3232 622 3298 stab
645 3231 719 3295 aliis
741 3230 885 3295 facerent
908 3229 1082 3295 observari.
1126 3231 1192 3296 Hic
1215 3236 1327 3296 autem
1342 3252 1429 3316 papa

254 3408 262 3423 ,
382 3335 552 3400 Honorius
575 3337 596 3399 3
619 3333 756 3398 Petrum
779 3332 1099 3397 Antisciodorensem
1122 3333 1275 3398 comitem
1303 3333 1340 3396 in
1367 3333 1429 3396 im-

380 3443 566 3525 peratorem
606 3434 1013 3519 Constantinopolitanum
1059 3435 1238 3513 coronavit,
1278 3434 1432 3500 Frederi·

380 3561 520 3625 cumque
549 3541 568 3600 2
601 3537 637 3600 in
669 3538 900 3622 imperatorem
934 3536 1188 3602 Alamannieum
1225 3536 1431 3602 sublimavit.

380 3643 446 3707 Hic
479 3646 590 3705 autem
615 3638 807 3703 Fredericus
831 3640 873 3702 ab
896 3637 1039 3704 infantia
1069 3661 1127 3725 per
1161 3638 1329 3705 ecclesiam
1354 3645 1432 3704 tan·
1445 3651 1475 3702 R.
1487 3651 1593 3716 Higoen,

378 3765 477 3829 quam
500 3764 557 3829 per
579 3746 718 3805 matrem
742 3740 907 3818 educatus,
940 3742 997 3806 sed
1026 3742 1070 3806 ad
1099 3740 1228 3827 imperii
1259 3742 1431 3828 fastigium
1445 3720 1493 3769 ⁰⁰¹·
1506 3725 1576 3771 ²⁴¹⁶·

379 3845 505 3911 Octone
537 3845 694 3910 damnato
733 3848 912 3929 promotus,
947 3843 1115 3910 ecclesiam
1147 3843 1211 3909 Dei
1243 3866 1308 3909 non
1343 3844 1432 3911 fovit

378 3952 539 4033 tanquam
576 3951 726 4024 matrem,
758 3946 814 4010 sed
852 3951 1012 4032 tanquam
1048 3969 1223 4013 novercam
1262 3953 1431 4034 quantum

378 4051 490 4136 potuit
527 4050 677 4115 laniavit.
731 4048 871 4135 Propter
908 4049 997 4133 quod
1035 4050 1103 4135 ipse
1139 4050 1307 4115 Honorius
1341 4073 1431 4138 papa

378 4153 487 4239 ipsum
510 4152 575 4214 sibi
598 4151 751 4216 rebellem
786 4155 820 4214 et
851 4150 994 4217 ecclesiae
1018 4151 1176 4218 Romanae
1199 4151 1428 4218 adversarium

379 4253 579 4341 comperiens
611 4252 916 4330 anathematizavit,
941 4258 976 4317 et
998 4275 1111 4320 omnes
1134 4255 1275 4319 barones
1301 4278 1322 4318 a
1344 4255 1429 4320 fide-

378 4359 473 4424 litate
505 4355 575 4441 ejus
608 4355 759 4419 absolvit.
814 4354 951 4431 Deinde,
975 4377 1049 4419 cum
1084 4357 1251 4422 Honorius
1282 4358 1423 4422 sedisset

329 4471 336 4485 '
377 4461 473 4526 annis
497 4463 539 4523 10
562 4462 597 4522 et
619 4456 784 4520 mensibus
808 4461 837 4533 8,
863 4457 946 4521 obiit
958 4483 966 4538 ;
1001 4458 1054 4522 cui
1086 4445 1262 4545 Gregorius
1290 4463 1309 4525 9
1335 4477 1423 4546 papa

377 4561 576 4629 succedebat.
618 4559 682 4623 Hie
697 4559 811 4624 Reatae
826 4558 961 4624 beatum
977 4560 1196 4641 Dominicum,
1213 4562 1424 4627 inventorem

377 4672 412 4731 et
434 4666 627 4751 magistrum
650 4662 774 4725 ordinis
790 4662 1058 4744 Praedicatorum,
1075 4665 1234 4731 Bononiae
1256 4665 1427 4752 sepultum

377 4774 411 4834 et
437 4767 602 4833 miraculis
624 4764 806 4831 innumeris
837 4771 1069 4845 coruscantem,
1092 4768 1302 4835 canonizavit
1335 4789 1425 4833 anno
