3232 5692
337 762 403 825 214
595 774 778 825 ramerus
799 771 908 824 mass
930 772 1119 825 eremmon

661 1497 1060 1577 APPENDIX.'

167 1882 236 1937 ΑΒ.
252 1890 314 1936 ¹¹⁶9
373 1888 584 1961 ²Prasscriptus
613 1886 780 1943 Alexander
809 1890 925 1960 papa3
955 1892 1080 1959 quatuor
1108 1887 1259 1959 antipapae
1289 1887 1381 1944 schis-

167 1956 259 2004 '¹¹⁸⁷·
335 1974 456 2031 matieos
476 1973 639 2029 successive
657 1990 711 2044 per
738 1972 772 2027 18
800 1990 890 2027 annos
917 1971 1108 2043 perdurantes
1135 1971 1225 2038 vicit;
1251 1973 1301 2043 qui
1328 1990 1382 2045 per

167 2043 206 2093 ΡΟ
241 2043 322 2095 ᾹῙθῐ·
335 2058 432 2129 ipsum
459 2075 565 2129 papam
592 2056 834 2112 excommunicati
862 2074 962 2111 omnes
989 2055 1067 2110 mala
1096 2062 1190 2111 morte
1219 2056 1379 2127 perierunt.

168 2110 306 2241 ῗοὲἱέῗί
335 2141 466 2213 Oorpora
484 2142 574 2197 trium
592 2158 747 2237 magorum
764 2140 801 2195 de
819 2139 986 2195 Mediolano
1007 2139 1157 2196 destructo
1174 2139 1212 2195 ad
1230 2139 1380 2235 Coloniam

133 2236 143 2253 ⁵
167 2255 211 2305 the
222 2256 301 2323 Magi·
334 2232 404 2283 suut
421 2226 526 2283 delata.
564 2224 739 2281 Theutomm
765 2223 843 2297 apud
868 2224 1119 2320 Mentem-fortem
1136 2223 1283 2279 Romanos
1302 2242 1381 2279 mra-

166 2333 250 2386 ΜΕ
261 2336 292 2385 of
333 2310 417 2376 dunt,
436 2317 467 2367 et
483 2315 528 2366 tot
545 2327 563 2365 a
579 2327 656 2365 nona
672 2326 766 2380 usquc
785 2310 822 2364 ad
839 2326 992 2381 vesperam
1011 2307 1180 2364 oeciderunt
1191 2313 1225 2364 ut
1241 2324 1380 2365 numerus

168 2398 298 2455 Montium
334 2394 532 2451 Romanorum
550 2393 713 2449 occisorum
733 2392 913 2465 exprimatur
932 2410 985 2465 per
1004 2410 1139 2448 versum:

460 2512 544 2567 Mille
564 2511 665 2568 decern
683 2510 780 2567 decies
799 2517 830 2567 et
847 2528 897 2567 sex
915 2511 1012 2567 decies
1032 2528 1147 2583 quoque
1166 2510 1237 2565 soni.

247 2683 258 2696 .
333 2645 432 2701 Terrm
451 2650 547 2699 motus
565 2644 666 2715 magni
683 2644 801 2700 luerunt
825 2662 877 2715 per
901 2643 974 2707 loca,
997 2661 1050 2715 per
1073 2640 1215 2715 Angliam
1243 2642 1381 2699 videlieet

333 2734 363 2785 et
398 2726 588 2798 Norwagiem
625 2733 656 2782 et
692 2727 752 2784 elia
781 2727 845 2783 loca
881 2727 1052 2798 longinqua,
1084 2726 1127 2783 ita
1163 2725 1241 2799 quod
1275 2727 1380 2783 civitas

333 2811 514 2868 Antiochena
531 2828 599 2867 eum
616 2810 729 2883 Tripoli
755 2810 871 2876 oceidit,
891 2818 980 2882 atque
999 2810 1160 2866 Damascus
1185 2826 1253 2866 cum
1279 2811 1380 2866 multis

332 2896 399 2952 aliis
425 2895 578 2951 submersa
605 2899 666 2961 est;
692 2894 885 2951 cathenensis
917 2894 1022 2951 civitas
1046 2896 1165 2967 penitus
1195 2912 1298 2950 eversa
1324 2901 1378 2960 est,

332 2988 363 3036 et
388 2979 455 3051 plns
483 2996 572 3050 quam
600 2997 647 3032 xx.
680 2979 775 3034 millia
800 2979 951 3034 hominum
987 2979 1095 3034 mortui
1124 2984 1208 3045 sunt;
1242 2996 1380 3050 mmcque

332 3063 539 3133 retrogradum
564 3080 684 3119 versum
711 3069 767 3128 est,
797 3068 827 3119 et
853 3082 881 3118 v.
909 3062 1005 3118 millia
1028 3062 1179 3119 hominum
1204 3063 1235 3118 in
1261 3062 1381 3120 Seicilia

333 3147 479 3204 submersi
496 3147 606 3203 mortui
624 3152 702 3203 sunt.
748 3148 797 3212 Et,
825 3154 999 3219 tempestate
1025 3147 1151 3218 quadam
1169 3154 1277 3213 exorta,
1296 3147 1379 3203 Albi·

331 3250 411 3296 uum,
441 3232 573 3287 Saronico
600 3231 709 3286 flumen
737 3232 911 3304 pergrande,
940 3232 1035 3287 tribua
1065 3231 1168 3297 diebus
1199 3237 1229 3288 et
1258 3231 1379 3288 totidem

332 3315 476 3381 noctibus,
505 3314 644 3371 facultate
672 3316 718 3370 sui
743 3333 877 3371 recessus
904 3315 1020 3380 amissa,
1048 3320 1214 3371 tumescens
1241 3316 1379 3389 ripasque

332 3417 400 3455 suas
423 3397 573 3462 excedens,
594 3398 784 3454 finitimarum
810 3399 965 3471 regionum
992 3399 1281 3463 suarum‚1lrisoniur
1300 3399 1380 3455 vide-

331 3483 403 3538 licet
427 3489 457 3537 et
485 3481 627 3545 Saxonim,
655 3482 788 3537 homines
816 3489 846 3538 et
870 3483 1013 3553 jumenta,
1034 3482 1183 3547 ccclesias,
1204 3481 1327 3538 adificia
1352 3490 1381 3539 et

332 3571 439 3623 nemra
456 3565 561 3629 omnia,
583 3565 731 3620 solotenus
756 3565 923 3621 incredibili
941 3566 1082 3636 voragine
1107 3564 1226 3637 delevit.
1263 3565 1380 3623 Waldo·

332 3667 431 3707 marus
459 3666 511 3704 rex
537 3649 687 3705 Danorum
712 3666 780 3704 curn
805 3667 911 3706 mcccc.
940 3651 1074 3715 navibus,
1094 3658 1125 3706 et
1149 3649 1297 3706 Henricus
1321 3650 1380 3707 dux

334 3733 479 3790 Saxonum
498 3750 565 3788 cum
583 3750 649 3789 xxx.
669 3732 802 3789 millibus
821 3733 951 3791 militum
969 3743 1000 3791 ct
1017 3734 1166 3807 peditibus
1185 3735 1380 3791 innumerabi-

332 3817 420 3883 libus,
440 3822 541 3874 contra
557 3834 686 3889 paganos
698 3816 911 3889 Wynetlandiur
929 3819 1052 3889 proiecti
1071 3826 1149 3875 sunt.
1178 3818 1287 3875 Lucius
1305 3838 1380 3893 papa

333 3901 427 3968 sedit;
453 3901 536 3972 cujus
561 3907 692 3973 tempore
710 3901 810 3957 floruit
827 3902 934 3958 Petrus
953 3902 1134 3970 Conmestor,
1155 3903 1206 3975 qui
1224 3904 1379 3975 utriusque

332 3984 498 4043 testamenti
524 3984 687 4049 historiam,
716 4003 781 4057 qum
807 3985 916 4041 dicitur
944 3986 1113 4053 Scelestiea,
1142 3987 1320 4059 compilavit,
1350 3994 1380 4043 ct

332 4070 505 4143 allegoriam
523 4087 612 4143 super
630 4069 731 4125 eadem
749 4075 923 4127 testamenta
940 4070 970 4125 in
988 4090 1079 4127 unum
1097 4071 1205 4127 librum
1224 4071 1378 4127 metricum

332 4154 458 4227 redegit,
479 4171 566 4224 quem
593 4159 624 4211 et
650 4152 797 4210 Auroram
823 4154 994 4211 intitulavit.
1040 4155 1096 4212 Cui
1123 4155 1216 4212 Lucio
1242 4155 1379 4211 Urbanus

636 4290 641 4296 .
651 4290 691 4296 .—
701 4290 907 4298 ...--—.-.-
914 4290 957 4298 ..—
1124 4290 1382 4301 ω*-

366 4368 373 4397 ¹
391 4364 454 4415 This
465 4363 604 4429 Appendix
623 4364 730 4414 consiste
749 4365 779 4414 of
789 4365 832 4415 tlte
880 4364 965 4416 which
982 4366 1059 4416 forms
1075 4372 1131 4431 pert
1147 4367 1177 4417 os
1190 4367 1232 4418 the
1243 4366 1379 4434 preceding

332 4444 456 4497 umbre
479 4444 509 4494 oi
534 4443 618 4509 publio
641 4452 727 4494 events
751 4446 832 4494 under
880 4450 941 4495 text
976 4444 1023 4497 See
1033 4447 1121 4508 above,
1133 4462 1196 4512 page
1210 4451 1265 4507 179,
1277 4456 1335 4498 note
1348 4454 1372 4499 6.

332 4525 417 4589 Phillp
427 4524 470 4574 the
481 4526 574 4574 second
584 4522 706 4586 abbatia
723 4522 778 4574 MS.
791 4523 831 4583 E„
911 4524 1000 4576 ²Part
1021 4526 1052 4575 of
1070 4524 1180 4591 Chapter
1198 4527 1262 4579 VII.
1285 4527 1312 4577 in
1336 4527 1379 4578 the

332 4605 529 4671 correspondiag
539 4603 601 4655 with
610 4604 653 4654 the
661 4603 770 4669 original
781 4606 830 4653 and
878 4604 990 4670 Egerton
1008 4604 1074 4667 MS„
1091 4608 1141 4656 and
1158 4607 1202 4657 the
1222 4623 1379 4659 commence-

332 4685 407 4738 snller
417 4684 514 4751 history
526 4685 604 4738 found
619 4683 648 4736 in
658 4683 714 4737 MS.
727 4683 769 4748 P„
780 4684 831 4735 and
877 4691 948 4736 meat
964 4685 996 4736 oi
1009 4685 1119 4752 chapter
1130 4685 1207 4740 VIII.
1224 4686 1253 4738 in
1270 4686 1328 4740 MS.
1346 4688 1377 4739 P.
