3232 5692
341 742 404 806 118
673 752 770 802 snm
793 751 899 802 sanas
921 751 1058 803 santus

172 926 296 1044 ml&
340 928 442 1014 regni,
464 927 558 1014 regni
574 925 726 991 diadema
740 923 925 991 invadebat
966 923 1060 988 Ante
1075 921 1144 987 haec
1158 918 1292 1006 quidem
1307 921 1390 982 tem·
1403 933 1432 982 a.
1445 932 1560 998 aigun,

173 1008 288 1110 {uuam
341 1052 430 1118 pora,
444 1029 573 1094 dictum
589 1027 772 1091 Henricum
795 1045 906 1111 regem
921 1045 942 1089 a
956 1022 1164 1089 Normannia
1181 1021 1217 1085 in
1233 1017 1389 1105 angliam
1402 1001 1449 1051 ⁰⁰¹'
1463 1005 1537 1051 ²³⁸¹·

176 1126 264 1243 ff¹¹⁰f
277 1099 297 1245 I.
340 1131 532 1197 redeuntem
556 1127 754 1193 Willielmus
768 1126 857 1190 filius
880 1145 960 1190 suus
976 1125 1092 1189 unicus
1107 1112 1275 1210 legitimus
1297 1119 1390 1206 sequi

203 1207 265 1258 0¹²¹!
292 1231 298 1245 '
341 1233 492 1322 gestiens,
516 1231 595 1296 navi
618 1252 683 1317 qua
704 1227 889 1295 vehebatur
911 1227 954 1292 ad
977 1247 1092 1313 rupem
1115 1223 1211 1302 illias,
1233 1244 1309 1288 cum
1331 1222 1390 1287 Ri-

342 1336 439 1403 cardo
454 1334 556 1400 fratre
569 1356 629 1400 suo
644 1331 748 1398 notho
764 1337 799 1398 et
813 1350 925 1396 sorore
939 1351 1000 1395 sua
1014 1325 1181 1394 comitissa
1194 1326 1236 1393 de
1252 1325 1390 1408 Perceio,

342 1438 462 1504 comite
496 1436 634 1504 Cestriae
667 1439 701 1501 et
732 1433 807 1500 aliis
839 1431 1005 1498 nobilibus
1026 1429 1084 1517 qui
1114 1430 1151 1496 in
1181 1451 1221 1497 ea
1250 1430 1391 1510 fuerant,

178 1540 309 1591 Andoeth
343 1548 463 1629 praeter
478 1561 654 1628 pauperem
677 1559 789 1613 unum,
806 1534 956 1622 perierat.
1004 1533 1053 1597 At
1068 1536 1150 1598 tunc
1171 1553 1240 1613 rex,
1256 1532 1390 1599 orbatus

178 1607 303 1673 ofallegl·
651 1641 657 1656 .
680 1639 714 1654 ..
824 1637 831 1653 .
1080 1634 1088 1650 .
1358 1635 1364 1651 .

177 1677 280 1725 aneeor
343 1642 461 1710 herede
495 1663 593 1708 sexus
626 1638 741 1717 vrnlrs,
774 1637 851 1704 fecit
882 1657 996 1702 omnes
1011 1634 1126 1722 legrcs
1163 1655 1247 1713 suos,
1279 1635 1390 1702 David

176 1739 283 1856 ffilgty
344 1745 499 1812 videlieet
519 1746 630 1831 regem
654 1741 772 1809 Scotiae
795 1746 830 1806 et
852 1738 943 1817 alios,
970 1736 1104 1803 Matildi
1128 1736 1201 1824 jam
1223 1737 1301 1803 filiae
1324 1760 1391 1805 suae

179 1887 288 1936 empress
345 1847 459 1925 unicae,
484 1845 629 1911 Henrico
659 1843 807 1930 ejusdem
829 1838 972 1906 nominis
993 1839 1150 1925 ‘quinto'
1173 1839 1262 1927 apud
1285 1839 1392 1906 Theu-

179 1938 293 1988 Matina
345 1950 471 2015 tonicos
493 1947 684 2035 imperatori
707 1945 857 2032 perprius
879 1943 1094 2029 desponsatae,
1111 1941 1281 2008 fidelitatis
1300 1943 1392 2028 jura-

178 2051 234 2102 The
245 2054 320 2118 Ι«1011
346 2056 492 2116 mentum
509 2049 669 2115 exhibere.
716 2048 840 2113 Tamen
863 2046 906 2111 ob
929 2043 1075 2111 favorem
1094 2045 1197 2132 ipsius
1219 2045 1390 2133 Stephani,

176 2119 271 2169 tionol’
394 2153 400 2168 .
1096 2147 1103 2162 ·

179 2185 288 2249 sapha
346 2152 482 2240 qurdam
513 2161 604 2231 Hugo
628 2160 741 2232 Bygott
763 2156 942 2214 senescallus
976 2146 1106 2234 praefati
1139 2159 1221 2230 regis
1254 2148 1391 2219 Henrioi
1405 2147 1439 2225 ¹³:
1448 2148 1479 2196 de

178 2252 212 2315 by
225 2252 313 2318 ΗΘΜ]
345 2303 353 2320 .
387 2306 394 2319 .
422 2307 428 2319 .
453 2305 459 2319 .
484 2304 491 2318 .
515 2278 613 2316 coram
637 2258 798 2316 Willielmo
824 2256 1027 2313 Cantnariensi
1053 2257 1272 2331 archiepiscopo
1299 2279 1392 2317 sacra.
1405 2213 1524 2329 31ιοῖῧῇ

178 2318 302 2450 ffiffi
344 2362 443 2412 mento
459 2351 629 2416 affirmabat,
651 2350 819 2422 quoddam
839 2369 891 2405 rex
909 2350 1057 2406 Henricus
1084 2351 1273 2423 praescriptus
1292 2362 1394 2423 egeret

178 2451 270 2514 Bygot
345 2449 377 2502 in
394 2445 541 2509 extremis,
561 2442 634 2499 ortis
647 2442 822 2513 quibusdam
834 2441 997 2498 inimicitiis
1016 2443 1092 2499 inter
1110 2442 1208 2514 ipsum
1226 2450 1257 2498 et
1279 2436 1393 2522 91111111-

345 2533 414 2593 tam
432 2524 602 2590 Matildem
622 2529 839 2601 imperatricem
858 2519 1078 2600 filiamsuam,
1091 2532 1187 2603 ipsam
1206 2533 1394 2592 exheredavit

346 2643 377 2693 et
395 2627 520 2692 dictum
549 2632 729 2703 Stephanum
759 2631 930 2687 Blesensem
961 2634 1097 2688 comitem
1128 2633 1267 2689 heredem
1296 2648 1393 2692 suum

178 2726 294 2843 {mg
347 2737 527 2793 instituebat.
593 2724 695 2810 Cujus
725 2723 836 2788 verbis
867 2723 976 2789 dictus
1007 2724 1206 2791 Willielmus
1235 2728 1395 2816 archiepi-

178 2858 334 2924 rywiuam,
347 2851 462 2916 scopus
493 2827 593 2892 nimis
624 2825 782 2902 credulus,
806 2826 863 2911 qui
887 2832 920 2890 et
943 2826 1012 2913 ipse
1034 2827 1125 2913 prius
1160 2828 1257 2895 dictae
1292 2831 1393 2918 impe-

178 2925 330 2990 ⁸¹⁰¹¹b¹⁸l¹⁰l
345 2931 458 2996 ratrici
495 2929 536 2994 de
568 2926 749 2992 hereditate
784 2935 856 3014 post
887 2933 1025 2993 mortem
1056 2929 1160 3015 patris
1190 2932 1240 2995 sui
1270 2953 1396 2998 conser-

177 2991 293 3044 osYork.
346 3032 456 3097 venda
500 3034 740 3096 sacramentum
786 3030 995 3116 praestiterat,
1040 3031 1150 3117 ipsum
1189 3031 1393 3120 Stephanum

348 3133 535 3209 Londoniis,
574 3132 606 3195 in
647 3130 700 3196 die
735 3130 848 3196 Sancti
886 3130 1056 3220 Stephani,
1095 3133 1226 3200 favente
1265 3137 1394 3224 Rogero

347 3233 580 3301 Sarisburiensi
604 3233 759 3320 episcopo,
776 3232 953 3298 honorifice
975 3256 1094 3300 corona
1108 3236 1198 3324 regia
1214 3238 1394 3326 insignivit.

348 3345 530 3418 Quapropter
554 3344 632 3399 idem
657 3344 834 3400 Willielmus
853 3336 1127 3425 archiepiscopus.
1141 3366 1249 3403 annum
1275 3350 1396 3405 minime
1410 3352 1564 3417 RHigden,

349 3438 519 3509 supervixit.
559 3435 617 3492 Sed
644 3443 674 3491 et
700 3454 799 3492 omncs
825 3438 925 3510 magni
955 3440 1006 3511 qui
1027 3440 1227 3512 juramentum
1252 3440 1397 3513 Stephano
1409 3421 1456 3469 ⁰⁰¹·
1469 3424 1544 3469 ²³⁸⁴‘

349 3523 476 3577 fecerant
493 3521 635 3576 miserum
654 3520 749 3575 sortiti
767 3526 834 3576 sunt
852 3522 948 3577 finem.
978 3522 1085 3579 Fertur
1103 3525 1200 3589 etiarn,
1213 3525 1291 3597 quod
1302 3526 1397 3581 hostia

184 3600 308 3650 Promiw·
349 3605 461 3661 Christi
479 3604 526 3659 die
544 3604 738 3660 coronationis
757 3622 817 3659 sure
843 3612 979 3677 porrecta
1003 3607 1099 3662 subito
1116 3607 1270 3680 disparuit.
1309 3609 1396 3665 Ooro·

182 3666 330 3781 ἓξῖῃῖξῆω
349 3695 434 3745 natus
464 3689 558 3759 igitur
587 3706 639 3743 rex
665 3687 830 3759 Stephanae
853 3690 967 3760 juravit
995 3708 1093 3746 coram
1122 3693 1290 3762 proceribus
1320 3693 1397 3765 apud

182 3799 337 3849 common,
350 3780 500 3845 Oxoniam,
519 3780 597 3851 quod
614 3779 786 3851 praelaturas
813 3790 949 3839 vacantes
974 3783 1005 3838 in
1031 3801 1120 3839 manu
1145 3801 1199 3840 sua
1216 3782 1290 3863 post
1304 3776 1400 3842 'elec-

350 3873 473 3955 tionem
492 3896 550 3935 non
575 3885 696 3945 teneret,
717 3881 795 3951 quod
820 3882 1033 3954 Denegeldum‚
1054 3885 1086 3940 id
1110 3891 1164 3952 est,
1191 3887 1335 3944 taolidos
1361 3888 1399 3944 ad

349 3973 459 4039 hidam,
478 3972 651 4036 remitteret,
674 3977 705 4027 et
721 3973 865 4028 neminem
892 3975 929 4031 de
947 3977 1074 4049 propriis
1092 3978 1176 4035 silvis
1193 3980 1397 4051 implacitaret,

350 4058 436 4122 sieut
464 4062 682 4122 antecessores
712 4057 762 4122 sui
791 4055 896 4124 facere
925 4068 1171 4129 consueverunt.
1221 4071 1291 4143 Qua
1320 4073 1399 4145 prin·
1410 4072 1569 4124 nauriunt

351 4157 481 4232 cipaliter
498 4163 530 4214 et
546 4157 605 4213 alia
622 4157 712 4223 vovit,
733 4157 785 4213 sed
803 4158 877 4214 nihil
896 4177 997 4218 eorum
1014 4164 1117 4221 tenuit.
1410 4156 1433 4205 Ρ·
1445 4142 1503 4191 ³⁸⁷·
