3232 5692
336 757 400 819 :342
593 768 806 818 susxsnnnn
827 767 934 817 sssss
957 766 1125 827 arrianus

169 957 239 1008 nl).
253 961 316 1008 1199
337 944 427 1009 nitus
450 965 529 1009 vero
560 943 648 1030 ipsas
682 942 854 1008 electiones
884 941 932 1007 sic
953 962 1023 1007 esse
1048 945 1199 1022 cassatas,
1222 937 1399 1028 prtecipue

170 1029 262 1076 '¹²¹⁶'
338 1046 526 1133 episcopum
551 1045 797 1110 Norwicensem
830 1044 995 1131 repulsam
1026 1043 1220 1109 sustinuisse
1243 1040 1399 1129 Stepha-

338 1171 484 1234 numque
507 1148 543 1212 in
565 1147 841 1234 archiepiscopum
857 1145 1129 1213 cantuariensem
1152 1148 1398 1221 consecratum,

172 1266 294 1344 moigne·
340 1274 400 1316 rex
423 1251 512 1315 ultra
534 1250 668 1315 modum
695 1251 800 1315 iratus
833 1250 974 1336 priorem
997 1253 1032 1315 et
1057 1252 1165 1314 totum
1186 1252 1397 1314 conventum

172 1340 225 1383 ‘¹⁰¹¹
238 1333 268 1383 of
340 1354 611 1420 Oantnariensem
641 1375 661 1417 a
691 1352 891 1417 monasterio
912 1351 1043 1439 proprio
1066 1350 1252 1439 expellebat
1285 1354 1323 1416 et
1354 1349 1394 1413 in

171 1398 321 1529 iiidilii
339 1463 442 1521 terras
473 1456 597 1520 alienas
629 1455 805 1542 relegabat.
852 1454 1126 1541 Confiscabatque
1155 1453 1242 1520 bona
1263 1472 1394 1530 eorum,

169 1533 317 1650 ffifflhei,
338 1565 372 1624 et
395 1559 630 1623 monasterium
650 1562 685 1623 et
706 1559 851 1623 maneria
865 1578 978 1622 eorum
1000 1556 1210 1643 praedonibus
1231 1552 1395 1621 tradebat

171 1672 321 1733 monastery·
338 1660 559 1727 custodienda.
606 1661 652 1725 Et
682 1665 796 1747 postea
817 1658 1030 1747 praecipiebat
1051 1664 1092 1724 ut
1124 1658 1245 1724 litteras
1268 1680 1289 1723 a
1310 1655 1394 1723 sede

338 1763 518 1850 apostolica
547 1762 655 1828 missae
689 1763 725 1826 in
759 1767 848 1828 terra
881 1785 941 1827 sua
974 1761 1103 1827 nullum
1137 1761 1294 1848 placitum
1328 1781 1392 1824 seu

337 1867 564 1931 executionem
597 1865 803 1930 sortirentur.
861 1865 939 1929 Hiis
977 1865 1110 1950 quidem
1148 1865 1185 1927 in
1216 1862 1392 1928 audientia

338 1991 432 2056 papae
454 1968 639 2055 publicatis,
656 1990 742 2055 papa
765 1968 982 2033 amicabiliter
1003 1968 1074 2054 regi
1096 1967 1119 2032 J
1122 1965 1243 2032 ohanni
1266 1965 1390 2031 scribe·

47 2048 186 2211 ppt&
241 2104 296 2170 J
337 2070 396 2137 bat
417 2076 457 2136 ut
489 2070 696 2158 Stephanum
720 2071 763 2136 ad
785 2093 878 2136 suam
902 2071 1010 2136 sedem
1034 2071 1200 2156 reciperet,
1230 2068 1392 2156 priorem-

18 2188 36 2231 ι·
75 2168 103 2253 ’,
152 2184 168 2213 ’·
203 2166 242 2221 -’”
287 2167 289 2171 ’
337 2196 400 2260 que
438 2179 473 2239 et
509 2178 709 2239 conventum
752 2173 1023 2239 Cnntuariensem
1060 2172 1104 2237 ad
1148 2171 1391 2237 monasterium

59 2280 112 2365 war*
171 2258 314 2357 rheking-
337 2277 505 2363 proprium
543 2276 672 2362 regredi
707 2281 882 2362 pateretur.
938 2275 983 2340 Et
1014 2297 1088 2340 cum
1122 2296 1181 2340 rex
1212 2273 1391 2362 praeceptis

18 2356 57 2475 ξ’
106 2360 155 2455 ,l‘⁸
169 2360 326 2477 fflhoed
337 2379 522 2466 apostolicis
534 2399 648 2465 parere
663 2379 919 2465 contempsisset,
931 2377 1063 2444 demum
1076 2399 1161 2465 papa
1173 2375 1392 2442 Innocentius

29 2428 101 2549 β’)
171 2493 273 2572 general
337 2481 496 2568 episcopis
539 2479 770 2558 londoniensi,
807 2481 941 2557 Eliensi,
982 2478 1200 2566 Wigomiensi
1221 2482 1267 2571 pt
1302 2478 1392 2543 Her·
1426 2490 1448 2533 s

170 2561 296 2611 mmm
336 2571 582 2670 fordensi,)per
620 2604 696 2647 suas
736 2583 864 2648 litteras
898 2582 1102 2669 injungebat,
1136 2581 1224 2668 qnod
1261 2580 1289 2645 si
1326 2602 1390 2645 rex

336 2687 444 2772 ipsum
468 2685 674 2772 Stephanum
689 2683 968 2771 archiepiscopum
992 2683 1035 2747 ad
1057 2705 1151 2748 suam
1173 2683 1283 2748 sedem
1305 2682 1389 2747 reci-

336 2810 412 2876 pere
444 2792 478 2852 et
516 2786 692 2852 monachos
731 2786 767 2851 in
797 2808 894 2852 suum
926 2785 1163 2852 monasterinm
1194 2785 1389 2873 permittere

302 2962 305 2970 ,
336 2892 497 2957 reintrare
527 2888 735 2977 neglexisset,
766 2889 951 2977 generalem
984 2888 1154 2955 interdicti
1187 2888 1389 2954 sententiam

336 2995 373 3059 in
410 2999 517 3059 totam
548 2992 704 3080 Angliam
742 2997 776 3058 et
809 2991 965 3057 Walliam
1002 2990 1256 3080 promulgarent.
1312 2991 1389 3056 Hac

337 3095 502 3184 legatione
526 3094 568 3159 ab
591 3094 748 3182 episcopis
779 3100 918 3182 recepta,
940 3094 1004 3182 ipsi
1026 3115 1138 3160 omnes
1168 3115 1276 3182 regern
1298 3093 1389 3160 adie-

339 3204 427 3276 runt,
461 3203 496 3263 et
534 3203 574 3263 ut
611 3198 790 3263 secundum
828 3221 922 3285 papae
954 3197 1148 3262 mandatum
1182 3197 1388 3283 Stephanum

338 3302 617 3388 archiepiscopum
641 3301 808 3387 reciperet,
839 3302 981 3387 priorem
1004 3307 1038 3366 et
1067 3306 1267 3366 conventum
1290 3322 1388 3365 suum

338 3405 574 3470 monasterium
611 3404 769 3468 reintrare
800 3405 1016 3489 promitteret,
1054 3407 1089 3467 et
1125 3404 1212 3468 bona
1247 3424 1307 3468 sua
1340 3403 1390 3468 ois

338 3508 536 3583 restitueret,
568 3528 641 3570 oum
672 3505 814 3570 lacrimis
847 3512 881 3570 et
912 3505 1091 3592 gemitibus
1125 3528 1199 3570 eum
1234 3506 1389 3571 obnixius

338 3610 530 3683 exorabant,
554 3613 588 3672 et
611 3608 736 3697 bullam
759 3630 827 3672 sure
851 3607 1024 3696 legationis
1040 3609 1145 3674 eidem
1168 3613 1387 3674 ostentarunt
1427 3630 1444 3659 *-

339 3712 404 3776 Sed
443 3715 555 3775 tamen
592 3732 698 3796 nequo
748 3709 846 3774 minis
888 3733 993 3798 neque
1030 3710 1179 3799 precibus
1216 3712 1389 3798 pneceptis

339 3813 525 3900 apostolicis
558 3811 666 3899 ipsum
701 3811 849 3878 flectere¹
884 3811 1049 3880 valebant.
1096 3813 1196 3880 Unde
1223 3813 1390 3879 dominica

339 3919 375 3981 in
399 3915 665 3981 Annunoiatione
692 3916 873 3996 Dominica,
899 3938 985 3981 anno
1009 3916 1143 3981 Domini
1168 3919 1263 3994 1208,
1290 3938 1389 4002 geno·

338 4019 439 4084 ralem
469 4017 640 4083 interdicti
674 4019 871 4084 sententiam
906 4019 1009 4084 totius
1036 4019 1167 4106 Angliae
1198 4024 1232 4084 et
1258 4018 1388 4085 wallia

340 4121 592 4209 proclamabant.
625 4121 680 4186 Ita
702 4122 835 4208 quidem
856 4127 896 4187 nt
919 4122 1005 4187 ostia
1027 4122 1235 4188 ecelesiarum
1258 4122 1388 4187 claude·

339 4231 463 4300 rentur,
479 4224 652 4288 missarum
668 4224 815 4289 solennia
831 4224 1138 4303 intermitterentur,
1154 4230 1188 4290 et
1211 4225 1389 4311 sepulturae

341 4329 427 4392 infra
441 4326 603 4391 cimiteria
616 4327 878 4413 prohiberentur.
909 4327 1128 4393 Interdictum
1144 4334 1254 4394 autem
1277 4327 1389 4411 hujus-

342 4431 430 4495 modi
461 4448 585 4493 novum
619 4434 653 4494 et
684 4429 873 4494 inauditum
904 4429 939 4493 in
962 4431 1084 4516 Anglia
1114 4430 1180 4496 fuit
1211 4435 1288 4495 ante
1318 4430 1389 4496 haec

616 4701 620 4727 ¹
640 4699 714 4749 After
723 4697 827 4759 stertere
840 4714 890 4747 non
902 4699 1010 4751 inserted
1022 4700 1048 4749 in
1059 4699 1115 4751 MS,
