3232 5692
526 799 625 850 nuoo
647 797 757 849 annas
780 799 937 860 omarus.
1184 784 1248 850 399

203 977 401 1057 accedentes,
425 997 497 1043 eam
520 977 562 1042 cd
583 997 664 1064 opus
686 977 850 1043 Lodowici
873 982 1076 1065 occeperunt.
1122 977 1249 1059 Quibus
1262 980 1330 1034 Aa).
1346 986 1416 1033 12¹7.

205 1080 403 1169 Ranulphus
444 1101 551 1146 comes
574 1079 721 1158 (lestriae,
748 1080 948 1146 Willielmus
979 1081 1010 1146 le
1041 1077 1249 1157 Marcballus,

203 1184 401 1250 Willielmus
435 1183 475 1249 de
507 1183 541 1248 la
572 1183 695 1249 Bruere
727 1187 762 1249 ot
794 1183 851 1248 ulii
881 1188 1059 1270 magnates,
1094 1184 1136 1249 ed
1171 1184 1249 1248 Lin-

203 1286 344 1353 colnicm
369 1288 591 1364 occurrebant,
614 1291 648 1352 et
673 1287 759 1352 bello
784 1286 862 1352 hino
885 1287 963 1364 inde
985 1291 1118 1374 peracto
1143 1308 1250 1354 eomes

204 1389 245 1456 de
277 1389 414 1456 Perthes
447 1389 665 1470 occidebatur,
689 1390 821 1455 Scierus
857 1390 899 1455 de
933 1388 1055 1455 Sancto
1087 1389 1249 1471 Quintino

202 1515 309 1559 eomes
343 1493 561 1575 Wincestriae,
599 1492 797 1560 Humfridus
831 1492 873 1559 de
905 1492 1054 1574 Boboun,
1084 1493 1249 1558 Robertus

203 1596 292 1664 filius
323 1596 476 1678 Wolteri,
503 1602 538 1663 et
571 1597 730 1663 baronum
765 1596 823 1661 alii
855 1596 914 1684 qui
935 1597 1006 1684 regi
1036 1595 1249 1673 rebellarunt,

203 1703 292 1789 capti
324 1700 468 1779 fuerunt,
507 1701 551 1766 ed
584 1722 694 1787 regem
721 1699 904 1765 Henricum
940 1700 1040 1779 ducti,
1073 1704 1108 1765 et
1130 1699 1250 1765 carceri

203 1807 336 1871 fuerant
350 1805 538 1892 mancipati.
585 1805 704 1890 Sisque
726 1802 865 1869 barones
886 1804 969 1890 regii
991 1803 1130 1869 victoria
1153 1824 1251 1890 super

205 1908 417 1996 Francigenis
431 1913 511 1973 sunt
525 1909 634 1994 potiti.
680 1908 756 1973 Hiis
770 1907 915 1972 sinistris
928 1907 1056 1972 nuntiis
1077 1907 1251 1972 Lodowioo
1262 1921 1418 1972 Mutunus

203 2012 326 2091 relatis,
348 2012 419 2100 ipse
443 2034 517 2077 cum
541 2011 677 2097 reliquis
699 2002 768 2076 suis
799 2010 986 2076 Londonius
1013 2032 1047 2075 se
1069 2011 1194 2096 recepit
1215 2014 1250 2075 et
1262 1990 1416 2107 fffiffigfl

203 2120 315 2202 portas
341 2115 489 2181 civitatis
522 2114 646 2179 arctius
677 2112 886 2179 observabat.
932 2112 987 2194 Et,
1012 2113 1091 2178 dum
1125 2112 1249 2177 ibidem

204 2225 397 2299 moraretur,
421 2223 592 2304 magnates
624 2217 756 2302 quidam
790 2237 833 2282 ex
867 2220 960 2303 purte
991 2216 1092 2302 regis·
1112 2214 1249 2281 Hearioi

205 2322 491 2387 Londoniensibus
522 2319 787 2406 alloquebantur.
854 2319 1146 2386 Constructionem
1181 2340 1249 2384 om-

203 2426 296 2490 nium
328 2446 462 2489 suarum
493 2422 687 2488 libertatum
720 2421 840 2508 quibus
867 2423 1010 2508 gaudere
1032 2398 1182 2487 soleba'nt
1203 2421 1251 2486 eis

203 2527 418 2609 obtulerunt3
441 2528 469 2592 si
495 2530 608 2591 tamen
631 2526 750 2590 civitas
777 2526 847 2611 regi
874 2524 1019 2589 Henrico
1048 2524 1249 2591 redderetur.

204 2630 282 2718 Ipso
313 2652 392 2695 voro
425 2635 583 2716 tempore,
618 2649 704 2692 unus
741 2628 936 2713 magnatum
975 2627 1132 2708 Francius
1168 2628 1250 2693 Eus-
1263 2646 1395 2697 Detestor
1511 2682 1513 2688 .

203 2734 309 2798 tucius
332 2732 453 2818 Moyne
469 2731 669 2809 nominatus,
685 2751 759 2794 cum
778 2729 851 2794 aliis
866 2729 1076 2817 magnatibus
1093 2730 1250 2808 Franciae,
1261 2717 1408 2841 ssssffik,

120 2845 127 2859 '
202 2836 315 2902 navali
338 2835 487 2900 exercitu
510 2835 545 2897 in
568 2832 725 2919 Angliam
749 2832 909 2918 applicare
937 2831 1163 2919 disponebant,
1187 2835 1288 2902 Lo·at
1301 2863 1350 2899 sea.

203 2940 328 3004 dowico
363 2943 476 3002 contra
508 2957 616 3023 regem
650 2935 831 3000 Henrioum
863 2934 1066 3000 subventuri.
1121 2937 1249 3016 Quibus

204 3040 375 3106 Hubertus
409 3040 450 3104 de
484 3038 618 3124 Burgho
652 3043 686 3102 et
716 3042 833 3124 gentes
863 3040 880 3101 5
908 3043 1064 3124 portuum
1094 3040 1249 3120 maris,8

203 3144 344 3209 navibus
389 3145 523 3206 tantum
560 3140 720 3219 contenti,
753 3140 789 3204 in
830 3140 914 3204 mari
948 3141 1171 3222 occurrebant,
1206 3148 1249 3222 et,

205 3247 392 3332 decapitato
416 3243 603 3322 Eustochio
627 3243 767 3328 acceptis
800 3246 840 3307 15
868 3242 1049 3329 majoribus
1073 3265 1091 3308 e
1117 3266 1249 3331 magna·

203 3350 302 3425 tibus,
326 3347 471 3432 reliquos
487 3368 599 3410 omnes
621 3351 681 3410 aut
703 3349 814 3431 captos
837 3349 897 3410 aut
915 3346 1034 3410 occisos
1048 3346 1249 3426 devicerunt,

204 3457 238 3517 et
272 3473 384 3517 eorum
417 3470 518 3514 naves
552 3449 587 3513 in
626 3448 725 3512 maris
760 3448 959 3535 profundum
997 3449 1249 3516 submerserunt.

204 3557 352 3642 Cumque
364 3554 556 3620 Lodowicus
567 3554 772 3639 cognovisset
787 3554 895 3640 ipsum
910 3553 1130 3620 infortunium
1146 3556 1252 3621 Fran·
1263 3575 1419 3642 Agreement

204 3659 327 3746 cigenis
342 3658 505 3733 accidisse,
530 3655 594 3720 sibi
617 3655 739 3720 desua
761 3656 949 3721 confusione
971 3656 1112 3722 nimium
1126 3664 1250 3725 metue·
1263 3645 1383 3763 ¹1³2}ng
1385 3716 1402 3764 d

203 3761 267 3826 bat.
327 3759 393 3826 Sed
417 3759 561 3836 tandem,
585 3758 808 3823 mediantibus
831 3759 940 3845 legato
963 3764 997 3825 et
1021 3759 1250 3828 cantuariensi
1263 3779 1306 3828 the
1317 3780 1399 3846 kings

203 3862 441 3950 archiepiscopo
463 3866 498 3926 et
516 3860 590 3925 aliis
614 3861 731 3947 probis,
756 3860 797 3925 de
823 3882 900 3944 pace
923 3862 1133 3948 interregem
1157 3854 1343 3930 Heu-⁹⁸⁸5·

202 3967 306 4032 rioum
329 3971 364 4030 et
386 3966 494 4052 ipsum
517 3962 727 4029 Lodowicum
747 3963 856 4028 fuerat
869 3964 1092 4050 praelooutum.
1138 3968 1251 4054 Atque

204 4071 291 4134 inter
322 4089 376 4132 eos
414 4068 462 4132 ita
496 4065 605 4131 fuerat
635 4066 890 4145 concordatum3
924 4066 1011 4152 quod
1038 4068 1126 4154 capti
1148 4072 1252 4161 partis

203 4171 376 4257 utriusque
398 4169 440 4233 ud
467 4168 656 4234 libertatem
683 4165 950 4245 solverentur,'et
972 4167 1174 4253 Lodowicus,
1197 4195 1251 4239 ac·

204 4275 307 4361 ceptis
330 4295 390 4360 pro
413 4271 565 4358 expensis
587 4271 655 4336 suis
672 4275 757 4336 1000
772 4270 875 4348 libris,
895 4293 1057 4360 possessas
1072 4276 1252 4362 resignaret

204 4376 412 4455 munitiones,
428 4374 552 4461 Anglic
573 4374 689 4454 exiret,
717 4373 857 4439 ulterius
881 4394 949 4439 non
972 4397 1119 4443 reversus
1136 4379 1193 4463 jus
1215 4381 1250 4444 in

205 4503 243 4544 ee
265 4478 399 4563 aliquod
423 4477 638 4542 vendicando.
706 4476 834 4563 Sisque,
858 4477 1065 4543 absolutione
1092 4502 1113 4544 a
1142 4481 1251 4568 legato
1263 4499 1341 4552 Iouis
1351 4518 1391 4553 re·

203 4604 262 4668 pro
278 4602 311 4645 se
327 4586 361 4645 et
375 4580 439 4645 sibi
462 4578 653 4643 faventibus
671 4578 876 4664 perobtenta‚
893 4581 1066 4646 Franciam
1081 4586 1250 4651 remeavit.
1263 4573 1335 4617 Μ’
1347 4578 1374 4621 ¹⁰

301 4683 320 4698 ..
539 4682 546 4696 ‚
696 4684 703 4697 ,
1263 4634 1369 4687 hence.

204 4685 254 4750 De
276 4684 339 4750 hus
360 4688 471 4748 autem
492 4703 549 4767 qur
569 4682 743 4749 Lcdowrco
765 4683 972 4750 adhaeserunt
993 4684 1070 4751 laici
1090 4708 1156 4753 non
1172 4694 1251 4755 sunt
