3232 5692
300 778 364 842 158
627 788 726 840 uultu
748 788 856 841 uanus
879 792 1015 844 smnus

296 963 387 1019 riensi
412 980 449 1018 ne
474 963 571 1038 ipsum
589 964 669 1035 regis
694 964 788 1019 filium
812 965 843 1019 in
862 981 963 1036 regem
991 965 1171 1032 sublimaret,
1196 966 1265 1039 quia
1294 983 1345 1024 rex

298 1048 463 1120 Stephanus
481 1066 607 1120 regnum
631 1055 731 1105 contra
751 1051 949 1121 juramentum
967 1052 1156 1124 praeripuisse
1180 1051 1344 1109 videbatur.

297 1133 430 1197 Interim,
450 1133 597 1189 Heuricus
609 1153 702 1189 nonus
714 1134 773 1189 dux
785 1135 974 1190 Normanniae
992 1144 1022 1191 et
1038 1153 1135 1191 comes
1153 1136 1343 1208 andegavie.

297 1217 376 1274 filius
394 1216 525 1273 Matildis
545 1216 751 1289 imperatricis,
783 1218 972 1290 desponsavit
995 1218 1175 1283 Alienorum,
1204 1219 1295 1275 filiam
1314 1230 1344 1277 et

296 1301 434 1357 herodem
464 1300 618 1357 Willielmi
645 1302 760 1358 comitis
792 1301 975 1358 Pictavensis
1003 1310 1033 1358 et
1056 1302 1140 1358 ducis
1164 1304 1342 1376 Aquitaniae,

295 1392 326 1441 ct
354 1392 456 1457 postea
479 1386 562 1441 venit
591 1386 622 1441 iu
661 1385 802 1458 Angliam
835 1404 960 1457 regnum
999 1386 1160 1453 vindicans,
1175 1435 1177 1440 .
1192 1389 1230 1444 ad
1266 1389 1343 1445 obsi·

295 1470 411 1525 dionem
441 1469 622 1541 quorumdam
653 1476 815 1526 castrorum
846 1470 1044 1527 amovendam.
1098 1471 1174 1527 Cum
1204 1489 1262 1544 quo
1291 1491 1342 1530 rex

296 1553 460 1626 Stephanus
479 1572 579 1626 pacem
597 1555 682 1620 iniit;
714 1560 749 1610 ut
768 1555 840 1626 ipse,
861 1554 1009 1621 videlicet,
1032 1555 1198 1628 Stephanus
1216 1574 1341 1628 regnum

295 1646 325 1694 et
359 1638 502 1710 regaliam
539 1637 657 1710 Angliae
687 1638 718 1693 in
748 1644 809 1694 tota
837 1639 899 1694 vita
934 1657 988 1694 sna
1023 1640 1172 1704 retineret,
1203 1646 1242 1706 et,
1281 1648 1342 1697 tota

294 1723 484 1788 Normannia,
516 1740 587 1794 rege
617 1721 711 1778 adhuc
741 1723 869 1789 vivente,
901 1723 969 1779 duci
997 1723 1128 1780 Henrico
1163 1724 1341 1780 hereditarie

294 1824 439 1871 concessa,
458 1807 522 1878 ipse
548 1807 607 1861 dux
636 1823 761 1877 regnum
791 1813 859 1879 post
884 1806 976 1863 vitam
996 1807 1135 1879 Stephani
1154 1809 1235 1879 regis
1259 1809 1342 1864 here·

291 1892 399 1947 ditarie
429 1909 464 1945 ex
493 1891 610 1961 integro
633 1889 806 1962 possideret.
855 1890 970 1956 Postea,
1002 1909 1054 1946 rex
1072 1890 1248 1963 Stephanus,
1267 1911 1341 1957 anuo

292 1976 377 2047 regni
405 1976 451 2030 sui
477 1975 520 2039 19,
548 1993 566 2029 a
591 1973 759 2030 fundatione
785 1974 873 2046 hujus
899 1976 1069 2031 monasterii
1092 1976 1120 2041 4,
1145 1982 1238 2032 morto
1267 1996 1340 2048 prse-

291 2066 405 2127 vontus,
437 2060 515 2132 apud
531 2059 742 2115 monasterium
759 2059 796 2115 de
813 2059 972 2115 Faversam
990 2060 1021 2114 in
1039 2059 1157 2125 (lancia,
1177 2061 1254 2131 quod
1279 2061 1341 2132 ipse

292 2145 473 2211 fundaverat,
512 2144 663 2217 sepelitur.
720 2142 778 2214 Qui
808 2142 950 2215 quiequid
987 2143 1071 2198 nobis
1101 2148 1172 2199 tuno
1201 2143 1338 2200 collatum

292 2231 388 2285 fuerat
423 2229 508 2284 nobis
544 2228 737 2293 confirmavit,
778 2228 903 2284 liberum
937 2227 1070 2300 quietum
1107 2227 1143 2283 de
1173 2228 1338 2301 Dauegyld,

292 2315 421 2380 murdro,
450 2320 479 2370 et
504 2315 541 2369 de
567 2313 702 2369 omnibus
729 2313 835 2385 geldis,
863 2331 930 2368 cum
956 2330 1024 2368 soca
1050 2317 1081 2367 et
1107 2330 1183 2378 saca,
1204 2319 1234 2368 ct
1250 2312 1292 2368 tol
1310 2322 1340 2369 et

291 2399 400 2465 theam,
428 2405 458 2454 et
475 2396 646 2464 insantheot’,
672 2403 703 2453 ct
726 2415 794 2453 oum
818 2396 884 2452 aliis
903 2395 1089 2452 libertatibus
1115 2402 1145 2451 et
1170 2396 1339 2468 quietantiis

290 2501 358 2538 cum
380 2484 486 2554 quibus
512 2483 637 2539 ecclesia
653 2481 732 2537 beati
759 2481 841 2537 Petri
865 2481 1058 2537 Eboracensis
1077 2486 1158 2537 benet
1184 2489 1214 2538 et
1240 2482 1337 2539 habet.

290 2567 383 2639 Cujus
397 2567 538 2639 Stephani
551 2567 632 2639 regis
650 2571 791 2638 tempore,
806 2566 891 2621 miles
904 2565 1033 2637 quidam,
1053 2565 1169 2620 nomine
1188 2565 1337 2632 Osweuus,

289 2652 493 2724 purgatorium
511 2650 634 2706 Patricii
652 2650 776 2721 contigit
795 2651 953 2715 introisse;
980 2650 1032 2722 qui
1049 2649 1166 2705 rediens
1185 2650 1294 2719 gaudia
1310 2660 1340 2707 et

289 2754 390 2808 poenas
409 2755 480 2808 quas
498 2735 613 2791 viderat
636 2735 792 2790 enarravit.
829 2734 945 2788 Mortuo
968 2752 1039 2805 rege
1059 2733 1216 2805 Stephano,
1243 2735 1338 2792 dictus

289 2821 436 2875 Henricus
454 2819 513 2874 dux
530 2818 727 2882 Normannim,
741 2818 820 2873 filius
839 2817 966 2873 Galsridi
984 2817 1099 2874 comitis
1111 2818 1291 2890 Andagavioe
1309 2827 1340 2877 et

289 2904 421 2961 Matildis
434 2903 580 2976 quondam
597 2902 802 2975 imperatricis,
823 2902 891 2958 filie
914 2902 995 2973 regis
1013 2901 1137 2957 Henrici
1155 2902 1287 2968 senioris,
1308 2905 1338 2959 in

288 3007 390 3060 regom
417 2993 579 3044 coronatur.
636 2988 676 3043 Et
700 2987 837 3042 continuo
863 2986 984 3043 castella
1010 2988 1108 3042 omnia
1130 2993 1161 3042 et
1183 2988 1336 3051 forciletta.

289 3091 354 3144 cium
366 3090 417 3127 rex
431 3072 596 3144 Stephanus
608 3072 646 3127 ad
657 3089 740 3127 suam
753 3072 973 3143 usurpationem
984 3070 1196 3126 defendendam
1208 3075 1337 3128 construi

288 3158 497 3221 isocraticam
520 3156 684 3228 exstirpari.
731 3156 858 3227 Burgos,
885 3155 981 3221 villas,
1010 3163 1041 3210 et
1069 3155 1191 3211 castella
1215 3156 1275 3212 alia
1300 3158 1338 3213 ad

287 3259 423 3297 coronam
440 3241 624 3313 pertinentia,
645 3258 710 3311 quas
729 3240 807 3295 idem
824 3258 876 3295 rex
889 3240 1053 3312 Stephanus
1072 3241 1197 3296 diversis
1215 3241 1338 3297 homini-

287 3327 342 3381 bus
360 3326 534 3389 conferebat,
553 3325 584 3380 in
601 3343 705 3380 manus
723 3325 821 3395 regias
840 3331 1019 3397 praeeperat
1038 3326 1192 3397 receptari.
1230 3326 1338 3383 Secun-

287 3410 383 3482 doqne
402 3428 476 3465 anno
494 3411 578 3480 regui
598 3410 644 3464 sui
662 3408 810 3464 Adrianus
828 3427 903 3481 papa
927 3409 1050 3465 tradidit
1067 3409 1241 3465 Hiberniam
1258 3411 1337 3467 dicto

287 3496 352 3565 regi
381 3495 521 3558 Henrieo,
548 3493 701 3549 tributario
727 3493 881 3549 tenendam
912 3492 948 3548 de
975 3492 1107 3548 Romana
1133 3493 1257 3549 ecclesia
1283 3513 1337 3566 pro

286 3579 425 3633 trecentis
444 3578 551 3632 marcis
569 3577 727 3631 annuatim.
765 3577 805 3632 Et
822 3578 852 3631 in
871 3583 976 3649 quarto
993 3577 1078 3647 regni
1098 3578 1143 3632 sui
1162 3595 1237 3632 anno
1249 3596 1335 3650 reges

287 3662 401 3717 Walliaa
423 3668 453 3717 et
478 3662 584 3716 Scotiae
613 3678 666 3715 suo
693 3659 854 3716 dominatui
880 3679 912 3716 se
939 3660 1157 3725 submittebant,
1186 3666 1216 3715 et
1240 3667 1334 3719 totum

287 3744 565 3808 Nerthumbrelaud,
597 3750 726 3799 castrum
756 3744 793 3798 de
825 3744 1027 3816 Banmburgh,
1052 3744 1171 3800 Novum
1197 3745 1333 3802 Castrum

287 3847 375 3900 super
393 3829 505 3900 Quam
523 3835 553 3884 et
571 3829 740 3883 comitatum
759 3827 945 3893 [lancastrim
972 3829 1003 3884 in
1028 3846 1132 3885 manus
1157 3847 1225 3885 suas
1244 3832 1333 3887 etiam

287 3914 409 3969 seisivit.
445 3913 531 3968 Anno
562 3913 680 3984 quidem
711 3919 849 3984 sequente
879 3915 909 3968 in
940 3913 1077 3970 Walliam
1108 3932 1175 3970 cum
1205 3916 1333 3972 exercitu

287 3998 485 4061 transvolavit,
500 4004 538 4061 et,
559 3996 686 4052 fundatis
705 3996 815 4052 ibidem
832 3996 946 4053 duobus
965 3998 1080 4064 castris,
1099 3998 1215 4055 rediens
1235 4018 1332 4055 mone-

286 4088 347 4137 tam
365 4099 448 4137 suam
466 4082 576 4136 fecerat
594 4081 775 4137 commutari.
