3232 5692
523 827 661 882 moues
682 829 792 883 asses
814 830 968 883 merrus.
1207 812 1272 888 273

227 1002 382 1059 comitante
400 1003 576 1061 conscientia
600 1005 638 1061 ad
661 1005 815 1062 Franciam
841 1006 940 1061 rediit.
979 1002 1093 1061 Sedet
1119 999 1353 1061 HubertusA0D·
1367 1004 1430 1054 1¹⁹³

227 1095 455 1153 sarisburiensis
490 1088 660 1176 episcopus
691 1099 728 1153 de
747 1097 850 1153 Sicilia
868 1099 904 1153 ad
923 1114 1024 1169 regom
1054 1089 1163 1154 adhuc
1196 1110 1269 1176 oap-

225 1187 332 1253 tlvum
362 1190 525 1255 veniebat.
571 1190 711 1256 Interim
741 1212 800 1255 rex
830 1190 990 1256 Ricardus
1023 1212 1097 1256 cum
1131 1191 1271 1278 impera-
1282 1202 1393 1254 Richud

224 1293 295 1353 tore
317 1311 377 1375 pro
399 1295 530 1357 centum
553 1292 642 1357 mille
664 1291 758 1356 libris
784 1292 848 1377 ipsi
870 1296 905 1358 et
927 1291 1003 1356 duci
1026 1291 1172 1358 Aust-rire
1198 1270 1417 1385 per-ffiffi,

223 1390 390 1457 solvendis
412 1394 632 1460 concordavit.
678 1393 779 1459 Unde
812 1415 871 1459 rex
905 1393 1013 1459 adhuc
1035 1392 1187 1480 captivus
1209 1415 1269 1479 pro
1281 1401 1436 1467 bembiehon

223 1491 460 1580 redemptionis
482 1517 550 1562 sure
572 1496 773 1561 maturando
795 1495 930 1584 negotio
959 1500 994 1562 et
1017 1495 1159 1562 ecclesiae
1182 1494 1268 1561 Can·
1281 1467 1435 1585 fflrspoln

223 1596 383 1661 tuariensi
405 1598 646 1686 archiepiscopo
677 1598 835 1685 eligendo,
870 1597 1047 1685 praefatum
1078 1597 1269 1663 Hubertum
1281 1600 1425 1679 ¹13⁰1¹⁰5f⁰r

223 1694 500 1765 Sarisburiensem
516 1701 709 1787 episcopum,
732 1701 898 1786 quondam
921 1700 1160 1766 Eboracensem
1176 1699 1270 1765 deca·
1280 1665 1320 1716 ¹¹¹⁸
1328 1682 1436 1717 ransom.

222 1819 313 1876 num,
328 1801 364 1864 in
387 1803 543 1888 Angliam
566 1803 740 1890 dirigebat.
787 1804 961 1868 Hubertus
984 1808 1096 1868 autem
1112 1802 1268 1889 Angliam

223 1900 402 1968 adveniens
416 1926 437 1968 a
452 1909 617 1971 conventu
642 1904 874 1972 Ountuariensi
890 1909 925 1971 et
940 1904 1154 1992 suffraganeis
1168 1905 1270 1989 ipsius

222 2003 309 2068 sodis
346 2012 420 2091 post
457 2006 685 2073 Baldewinum
719 2007 923 2073 concorditer
955 2016 988 2071 in
1017 2015 1268 2087 archiepiscopum

220 2106 332 2162 electus
357 2115 411 2163 cst.
459 2107 515 2176 Qui
542 2109 691 2174 nimirum,
718 2114 835 2180 accepto
862 2108 952 2180 pallio
979 2108 1181 2172 intronizatus,
1201 2125 1268 2162 mox

218 2199 296 2269 apud
313 2198 476 2256 Morborum
499 2192 617 2257 habitu
639 2194 803 2260 canonicae
817 2165 1025 2279 professionis
1047 2200 1098 2258 est
1120 2193 1267 2270 indutus,

216 2296 252 2356 et
274 2291 468 2358 electionem
492 2295 659 2360 monachis
683 2295 976 2361 cantuariensibus
1005 2316 1169 2360 remanere
1192 2315 1268 2360 con-

215 2393 389 2478 gaudebat,
412 2417 511 2481 quam
533 2397 750 2483 praedecessor
772 2418 851 2461 suus
874 2397 1085 2463 Baldewinus
1100 2396 1148 2461 eis
1161 2395 1267 2460 subri-

217 2517 294 2580 pere
308 2498 496 2564 conabatur.
536 2499 789 2584 Executumque
812 2503 863 2563 est
886 2499 1057 2584 negotium
1073 2498 1113 2562 de
1127 2497 1268 2583 pecunia
1279 2516 1408 2569 Mearm

215 2597 378 2683 exigenda
400 2621 459 2685 pro
481 2600 706 2687 redemptione
729 2601 824 2686 regis.
884 2599 984 2664 Unde
1016 2598 1161 2663 ministri
1183 2597 1267 2684 regii
1278 2584 1425 2702 {223³}le

214 2698 385 2764 thesauros
407 2701 443 2764 in
467 2702 646 2788 majoribus
661 2701 804 2767 ecclesiis
820 2707 854 2766 et
869 2701 1078 2766 monasteriis
1093 2699 1266 2787 depositos,
1279 2669 1396 2769 rursusi³

214 2805 249 2865 et
271 2802 441 2868 thesauros
464 2824 673 2890 quoscunque
695 2804 738 2868 ad
761 2803 912 2869 ecclosias
932 2803 1144 2891 pertinentes,
1169 2807 1203 2867 et
1226 2801 1267 2866 de

215 2904 356 2970 ecclesiis
383 2906 622 2993 parochialibus
644 2928 756 2972 omnes
771 2907 886 2971 calices
901 2910 1080 2992 argenteos,
1095 2905 1131 2969 in
1154 2925 1265 2970 earum

214 3028 410 3093 unaquaque
433 3029 500 3073 uno
516 3009 585 3073 solo
608 3009 706 3073 calice
728 3012 882 3094 argenteo
897 3007 958 3071 vix
981 3007 1125 3082 dimisso,
1149 3006 1265 3092 precla-

214 3116 387 3195 torumque
409 3109 548 3191 anulos,¹
574 3133 662 3188 vasa,
687 3133 806 3190 cruces,
831 3111 955 3189 calices,
996 3132 1071 3175 cum
1108 3132 1190 3174 auro
1225 3111 1265 3176 de

214 3211 344 3278 feretris
366 3220 554 3279 sauctorum
578 3215 703 3294 abraso,
727 3215 845 3280 silente
877 3214 1009 3279 interim
1044 3214 1134 3277 omni
1165 3213 1263 3299 privi-

214 3312 308 3401 legio,
332 3316 556 3403 praerogativu
577 3322 612 3382 ct
627 3317 839 3382 immunitate
863 3316 1007 3382 ecclesiae
1030 3337 1087 3381 seu
1109 3337 1264 3400 personae,

214 3419 465 3503 extorquebant,
498 3419 695 3500 conflabant,
728 3425 763 3483 et
793 3419 830 3483 in
864 3418 1037 3505 pecuniam
1060 3423 1263 3482 monetatum

215 3520 421 3611 redegerunt
477 3521 660 3606 Omnisque
691 3521 795 3585 clerus
826 3525 861 3585 et
900 3525 1073 3606 magnates
1111 3525 1263 3606 quartam

213 3627 341 3707 partem
363 3645 497 3688 suorum
520 3623 712 3688 reddituum
735 3642 929 3700 annuorum,
954 3628 988 3686 et
1009 3626 1151 3686 rectores
1165 3621 1264 3687 eccle-

213 3724 337 3788 siarum
352 3731 505 3810 quartam
528 3729 656 3811 partem
679 3724 890 3801 decimarum,
910 3723 1125 3809 monachique
1141 3722 1263 3789 Cister-

213 3826 336 3891 cienses
359 3833 394 3892 et
415 3827 563 3892 canonici
578 3826 910 3892 Praemonstratenses
933 3846 1047 3891 omnes
1065 3827 1158 3891 lanas
1186 3847 1263 3890 suas

214 3928 312 3992 unius
334 3929 423 4004 anni,
445 3929 515 4017 regi
538 3928 582 3993 ad
604 3950 699 3993 suam
730 3928 993 4015 redemptionem
1025 3934 1263 3994 concesserunt.

214 4029 256 4093 In
279 4030 480 4095 membranis
502 4035 616 4095 autem
638 4029 833 4096 monosterii
864 4030 970 4095 nostri
993 4031 1154 4118 reperitur
1176 4031 1263 4117 quod
1275 4030 1390 4084 Amount

214 4153 274 4198 ccc.
298 4154 433 4213 marcus,
457 4139 532 4197 tum
555 4155 613 4220 per
636 4130 831 4198 violentiam
855 4138 928 4198 tum
959 4155 1018 4219 per
1039 4132 1161 4212 dolum,
1185 4103 1407 4218 quiaffiau

215 4235 327 4298 omnia
359 4257 394 4300 se
427 4234 522 4299 nobis
559 4234 745 4300 reddituros
778 4235 1009 4321 promiserunt,
1040 4234 1084 4298 ad
1116 4230 1370 4322 redemp-Meaux

217 4337 342 4402 tionem
373 4336 476 4423 ipsius
506 4338 594 4423 regis
627 4337 680 4401 sui
714 4337 859 4403 ministri
882 4359 902 4401 a
924 4337 1020 4402 nobis
1046 4342 1263 4404 extorserunt.
1275 4299 1364 4429 pnppy

219 4439 265 4504 Et
287 4460 345 4526 per
368 4439 587 4526 praecedentia
609 4439 785 4526 conjicitur
807 4439 931 4521 calices,
953 4440 1133 4520 thesauros,
1156 4440 1265 4506 reddi-

458 4596 586 4604 --...-.-.
612 4597 616 4602 .
649 4597 828 4605 i.i.-........-..
848 4598 874 4604 ..
897 4596 1065 4605 ..-φαιο-

604 4669 611 4701 ¹
624 4668 722 4735 αηιιὶοο]
735 4669 813 4732 anuli,
824 4670 880 4722 MS.
