3232 5692
323 763 388 827 140
653 778 750 826 ansrr
772 777 883 830 ansas
904 779 1042 831 snmus.

320 951 409 1016 renti
431 951 467 1017 in
489 951 551 1017 teli
581 953 748 1038 proposito
782 953 912 1020 litteras
943 954 1050 1019 tradit
1071 959 1112 1019 ut
1142 952 1205 1020 loci
1226 954 1368 1040 priorem

320 1053 427 1133 adeat,
450 1054 508 1140 qui
537 1053 690 1119 similiter
720 1054 906 1143 ingressum
936 1055 1114 1133 dissuadet,
1136 1055 1299 1121 hortando
1329 1062 1370 1120 ut

320 1155 420 1220 uliam
442 1154 676 1243 poenitentiam
709 1162 864 1223 assumat.
910 1156 1007 1238 Quod
1040 1157 1066 1222 si
1099 1162 1296 1244 perseveret,
1318 1158 1369 1221 in·

319 1257 466 1323 troducit
495 1278 571 1323 eum
603 1257 639 1321 in
672 1258 848 1339 ecclesiam,
871 1265 911 1326 ut
942 1261 982 1324 15
1007 1258 1123 1325 diebus
1150 1257 1311 1346 jejuniis¹
1335 1263 1371 1325 et

320 1359 525 1425 orationibus
558 1359 738 1448 indulgeat.
792 1360 873 1427 Post
909 1382 992 1447 quos
1027 1360 1194 1427 hominem
1225 1381 1370 1428 commu·

319 1461 418 1527 nione
450 1461 617 1526 munitum
649 1461 802 1548 producit
833 1483 908 1528 cum
941 1462 1143 1548 processione
1176 1466 1212 1529 et
1243 1462 1370 1529 letania

319 1564 485 1650 usquead
507 1563 630 1629 ostium
651 1562 846 1650 purgatorii,
876 1562 935 1629 ubi
964 1563 1067 1629 etiam
1099 1564 1221 1630 iterum
1243 1564 1371 1629 duona-

319 1664 377 1731 det
412 1665 603 1753 ingressum.
658 1664 724 1730 Sed
756 1665 785 1729 si
816 1665 924 1731 adhuc
954 1672 1149 1754 perseveret,
1181 1665 1304 1732 ostium
1337 1666 1369 1730 ei

320 1788 395 1832 cum
427 1766 655 1832 benedictione
692 1766 808 1854 aperit,
848 1774 883 1832 et
921 1771 997 1856 post
1028 1768 1211 1855 ingressum
1245 1767 1368 1832 ostium

193 1938 199 1948 ,
319 1869 528 1955 reconsignat
549 1889 652 1954 usque
675 1867 711 1933 in
733 1868 821 1934 diem
850 1869 992 1935 alterum
1023 1891 1127 1935 mane.
1173 1868 1247 1950 Quo
1268 1869 1368 1934 adve-

319 1970 442 2049 niente,
465 1970 563 2057 prior,
586 1970 615 2034 si
648 1969 816 2036 hominem
847 1971 978 2059 reperit,
999 1959 1075 2038 cum
1096 1972 1298 2059 processione
1320 1992 1370 2037 rc·

319 2070 432 2153 ducit;
470 2072 529 2138 ubi
566 2071 639 2137 aliis
678 2076 719 2136 15
758 2071 874 2138 diebus
906 2072 1043 2158 jejuniis
1087 2080 1123 2138 et
1166 2072 1370 2139 orationibus

318 2173 475 2240 intendit.
520 2172 617 2254 Quod
638 2171 666 2238 si
689 2174 794 2239 ultera
815 2173 869 2240 die
891 2174 1005 2240 eadem
1029 2174 1111 2240 hora
1130 2196 1280 2240 reversus
1301 2196 1369 2239 non

318 2274 520 2363 apperuerit,
542 2275 716 2341 certissimi
738 2275 779 2341 de
803 2277 873 2362 ejus
895 2276 1089 2363 perditione,
1113 2276 1197 2342 ostio
1219 2298 1240 2341 a
1262 2276 1369 2362 priore

153 2394 300 2474 Owen'sre-
319 2378 478 2456 obserato,
515 2376 663 2442 universi
700 2377 864 2443 recedunt.
926 2376 1002 2465 Ipse
1039 2377 1173 2464 quidem
1211 2378 1371 2443 Oswenus

151 2463 300 2580 ffiffiw
323 2479 425 2560 miles,
441 2479 482 2544 de
505 2500 572 2565 quo
593 2478 791 2566 praedicitur‚
807 2478 932 2545 dictum
953 2480 1182 2567 purgatorium
1204 2479 1369 2567 ingressus

151 2603 289 2660 purgatory
318 2586 377 2661 est,
401 2587 435 2647 et
457 2580 519 2646 hoc
541 2581 646 2647 modo.
692 2580 778 2647 Cum
800 2586 912 2647 autem
934 2582 977 2647 ad
999 2582 1195 2669 episcopum,
1218 2581 1255 2646 in
1277 2581 1371 2667 cujus

151 2676 278 2778 aff*
319 2682 452 2749 dioecesi
489 2681 617 2749 dictum
654 2682 883 2770 purgatorium
919 2688 979 2761 est,
1012 2683 1223 2749 confessionis
1260 2684 1370 2770 gratia

319 2786 456 2862 veniret,
471 2789 506 2850 et
527 2785 570 2851 ab
591 2806 631 2850 eo
652 2807 711 2872 pro
726 2784 868 2872 peccatis
881 2784 1088 2872 gravioribus
1109 2785 1369 2873 redargueretur,

320 2894 360 2952 ut
384 2886 610 2953 remissionem
641 2891 850 2974 poeoniorum
881 2886 1025 2974 accipere
1058 2892 1245 2965 mereretur,
1266 2888 1371 2974 poeni-

319 2988 462 3054 tentiam
491 2988 704 3074 ingressionis
737 2988 820 3054 dicti
850 2988 1034 3076 purgatorii
1062 2988 1211 3076 episeopo
1244 2989 1372 3054 dissua-

318 3090 417 3157 dente
432 3090 608 3178 praeelegit
642 3090 757 3178 ipsum
770 3095 882 3156 autem
897 3091 943 3156 sic
957 3090 1186 3177 persistentem
1200 3091 1370 3178 episcopus

317 3192 361 3258 ad
382 3192 443 3258 loci
465 3192 607 3279 priorem
630 3192 888 3259 transmittebat.
926 3190 1000 3273 Quo
1022 3192 1144 3257 iterum
1159 3192 1370 3259 dissuadente

317 3299 352 3360 et
383 3294 529 3382 pericula
558 3300 752 3383 exponente,
775 3293 885 3382 ipsum
918 3316 940 3359 a
969 3294 1137 3382 proposito
1168 3316 1237 3360 non
1259 3294 1371 3382 potuit

150 3414 263 3466 umac-
317 3418 477 3462 revocare.
523 3395 617 3461 Prior
639 3397 750 3483 igitur,
781 3418 906 3462 morem
928 3396 1156 3483 praescriptum
1179 3418 1238 3483 per
1259 3397 1372 3461 omnia

151 3482 305 3612 ffii'ffin
318 3520 491 3585 exequens,
513 3498 614 3563 militi
644 3499 762 3575 aicbat,
785 3498 896 3564 “Eme
925 3519 1015 3563 nunc
1045 3498 1195 3578 intrabis,
1218 3504 1288 3564 tam
1311 3497 1369 3563 diu

149 3613 192 3664 the
202 3615 272 3678 prior
280 3613 310 3664 or
320 3608 337 3637 “
359 3623 417 3687 per
448 3600 686 3666 concavitatem
717 3600 965 3665 subterraneam
998 3600 1116 3679 iturus,
1138 3601 1241 3666 donec
1272 3622 1370 3667 exeas

151 3679 282 3744 nepaes.
320 3710 339 3739 “
361 3703 398 3767 in
420 3723 571 3788 campum
602 3723 715 3781 unum,
739 3701 776 3766 in
798 3723 864 3788 quo
886 3701 996 3767 aulum
1018 3701 1169 3767 invenies
1190 3702 1275 3766 mira
1296 3709 1371 3767 arte

318 3813 336 3839 ‘¹
358 3803 550 3869 tabrieatern
562 3800 593 3884 ;'’
630 3802 831 3890 nuntiosque
862 3803 966 3870 bonos
998 3809 1033 3870 et
1064 3808 1278 3890 temptatores
1306 3802 1370 3868 ibi·

149 3917 285 3969 Heenters
319 3905 394 3970 dem
420 3904 584 3970 affuturos
604 3905 809 3992 praedicebat.
854 3904 950 3971 Miles
981 3905 1114 3991 quidem
1137 3910 1290 3970 constans
1310 3927 1372 3992 per

147 3983 285 4114 Qum
318 4012 448 4094 portam
475 4006 627 4085 intravit,
649 4029 749 4094 quam
779 4008 870 4094 prior
891 4008 1006 4072 statim
1040 4006 1163 4072 deforis
1194 4006 1368 4072 obseravit

319 4109 629 4198 Ingravescentibus
666 4109 771 4197 magis
808 4109 976 4197 magisque
1016 4109 1162 4175 tenebris
1200 4109 1237 4173 in
1273 4108 1368 4174 brevi

317 4212 424 4278 lucem
446 4211 564 4276 amisit
611 4210 757 4277 Tandem
772 4211 833 4275 lux
855 4211 1015 4298 paulatim
1037 4211 1139 4297 coepit
1159 4232 1217 4297 per
1239 4211 1368 4275 foveam

318 4314 429 4380 emitti
450 4335 492 4380 ex
514 4318 709 4379 transverso.
747 4313 819 4379 Nec
832 4335 931 4391 mora
946 4314 982 4378 in
997 4334 1148 4400 campum
1171 4312 1367 4399 praedietum

675 4641 681 4672 ¹
691 4639 810 4708 jejunit]
826 4639 943 4706 jejuniis,
957 4639 1015 4691 MS.
