3232 5692
346 731 412 796 328
606 745 949 796 lesmorrenses
972 743 1139 806 ausurus.

178 923 468 984 a.1).1rernanter
499 917 666 985 accederet
696 926 731 984 et
765 918 1034 1006 qualitercunque
1072 921 1181 1005 posset
1217 934 1292 981 cum
1327 933 1414 1002 rege

178 1000 269 1045 '¹²¹⁰‘
348 1023 559 1099 conveniret3
582 1022 668 1109 quia,
693 1023 846 1088 omnibus
875 1022 946 1108 jam
978 1026 1060 1087 tuno
1093 1042 1168 1087 cum
1199 1040 1276 1108 rege
1301 1017 1411 1100 Q

349 1124 555 1204 facientibus,
579 1127 695 1190 domus
726 1130 840 1190 nostra
871 1124 942 1190 sola
974 1124 1124 1190 resistere
1157 1144 1225 1190 non
1258 1119 1409 1186 valebat

351 1229 403 1294 De
435 1250 494 1293 sua
526 1250 654 1315 quoque
688 1250 834 1316 persona,
858 1227 937 1312 quia
968 1227 1004 1291 in
1036 1226 1151 1292 eadem
1184 1225 1277 1291 curia
1302 1244 1411 1290 exosa

181 1343 325 1395 satiarer
351 1330 543 1408 habebatur,
567 1331 692 1395 nullam
719 1332 839 1396 faceret
861 1330 1071 1396 mentionem.
1111 1328 1186 1417 Ipse
1208 1333 1320 1393 autem
1345 1325 1408 1391 ab·

181 1408 295 1525 {23⁰³
351 1435 420 1512 bas,
444 1433 579 1499 territus
602 1440 707 1499 tantae
730 1454 866 1498 summm
898 1430 1057 1519 pecunia,¹
1083 1453 1143 1497 nos
1164 1430 1328 1497 desolatos
1359 1428 1408 1493 ad

352 1541 481 1622 tempus
505 1535 646 1621 reliquit,
669 1542 703 1600 et
734 1536 768 1600 in
792 1535 942 1621 partibus
964 1535 1030 1599 illie
1051 1556 1086 1600 se
1109 1533 1261 1611 detinuit,
1285 1553 1406 1618 expec-

352 1645 427 1704 tans
450 1659 594 1703 rumores
616 1661 637 1702 a
658 1636 748 1702 curia
771 1659 868 1723 super
883 1636 1125 1723 expeditionem
1140 1636 1264 1724 negotii
1287 1656 1404 1722 supra-

182 1747 310 1826 oanflrm·
352 1741 440 1806 dicti.
475 1741 540 1806 Sed
563 1742 634 1806 liaeo
657 1740 791 1826 quidem
814 1741 945 1804 frustra.
981 1738 1115 1804 Interea
1129 1760 1272 1824 namque
1288 1739 1405 1802 omnia

181 1817 299 1948 {Jffpgfty
352 1865 426 1929 quae
449 1844 491 1908 ad
515 1865 575 1908 nos
597 1843 807 1929 pertinebant
821 1843 965 1928 praeter²
988 1842 1224 1907 monasterium
1239 1840 1403 1905 ministris

181 1947 325 2000 cethema
350 1947 449 2032 regiis
472 1947 551 2011 data
574 1946 713 2011 suntad
736 1943 999 2022 confiscandum
1023 1943 1085 2009 de³
1107 1945 1227 2031 quibus
1242 1943 1403 2009 redimere

181 2025 317 2193 ”mezp
350 2049 525 2136 oportebat
548 2047 708 2114 victualia
737 2047 970 2112 monachorum
998 2052 1032 2112 et
1054 2068 1295 2122 conversorum,
1318 2067 1402 2131 quos

132 2136 180 2243 β
211 2156 251 2209 2⁷1
310 2119 336 2163 ν’
349 2173 408 2238 per
423 2151 554 2238 singula
570 2152 642 2216 loca
659 2156 774 2215 nostra
793 2150 886 2214 binos
901 2156 960 2214 aut
976 2155 1087 2215 ternos
1102 2171 1314 2237 posueramus
1328 2171 1403 2214 cus-

330 2155 453 2356 itodes.
500 2254 552 2318 Ad
589 2259 719 2339 portam
754 2274 832 2317 vero
871 2251 1062 2317 monasterii
1094 2253 1269 2317 constituti
1301 2258 1402 2317 crant

350 2357 493 2421 ministri
518 2356 609 2443 regii,
634 2356 704 2420 sine
728 2377 868 2440 quorum
892 2361 977 2420 nutu
999 2377 1059 2420 nec
1081 2355 1254 2441 quicquam
1270 2355 1401 2420 auferre

349 2459 402 2524 vel
426 2459 540 2524 afferre
563 2457 683 2523 licebat
697 2482 704 2537 ;
729 2479 786 2544 per
809 2479 891 2543 quos
907 2457 1054 2543 quotidie
1069 2479 1120 2522 res
1135 2462 1257 2533 nostrie
1273 2456 1401 2522 minue·

182 2572 335 2623 withdraw·
349 2561 472 2626 bantur
494 2570 528 2625 et
543 2560 819 2625 distrahebantur.
868 2560 1087 2640 Quamobrem
1111 2582 1222 2626 omnes
1245 2561 1399 2626 monachi

179 2638 295 2758 fflffffl
348 2664 388 2728 de
420 2664 490 2750 ipso
523 2663 722 2728 monasterio
753 2668 866 2727 nostro
901 2661 969 2728 fere
997 2669 1077 2728 sunt
1108 2663 1236 2751 egressi.
1299 2663 1398 2743 Quod

347 2767 485 2831 audiens
517 2787 624 2832 eomes
660 2764 871 2830 Baldewinus
905 2765 942 2828 in
974 2765 1148 2831 Cravenna
1179 2768 1393 2843 constitutus,

346 2867 487 2933 festinus
520 2867 657 2933 advenit
694 2873 729 2933 et
760 2888 814 2932 eos
846 2867 882 2931 in
912 2867 1010 2932 domo
1043 2889 1103 2933 sua
1136 2868 1176 2932 de
1211 2867 1395 2954 Brustwyk

348 2971 479 3058 recepit,
504 2991 672 3057 quousque
695 2970 745 3034 ira
767 2969 854 3056 regis
877 2990 954 3057 erga
969 2992 1023 3035 eos
1044 2970 1200 3037 desaevire
1215 2973 1394 3038 desisteret.

178 3076 299 3156 tamna-
349 3073 401 3150 Et,
427 3074 598 3140 dumhere
621 3079 807 3161 agerentur,
831 3073 932 3138 abbas
955 3074 1023 3160 ipse
1047 3073 1237 3142 Alexander
1260 3077 1294 3141 in
1329 3075 1396 3139 alia

177 3146 274 3262 {ms
349 3177 518 3264 provincia
540 3198 745 3243 commorans
768 3182 802 3241 et
816 3183 1003 3263 expectans,
1028 3198 1101 3242 cum
1125 3177 1172 3242 nil
1195 3177 1274 3244 boni
1296 3199 1396 3264 super

178 3278 335 3330 Alexander.
348 3280 562 3344 tribulatione
586 3281 657 3365 ipsa
679 3279 817 3355 audiret,
840 3284 874 3343 et
897 3278 1078 3369 formidans
1100 3279 1141 3344 de
1164 3280 1217 3344 die
1244 3281 1279 3344 in
1306 3281 1393 3346 diem

345 3383 411 3447 alia
433 3382 544 3469 pejora
567 3382 716 3462 tolerare,
739 3383 922 3468 praesertim
952 3404 1025 3447 cum
1056 3381 1217 3448 relaxatio
1239 3383 1331 3448 nulla
1353 3382 1395 3447 de
1498 3416 1500 3421 ⁴

345 3485 434 3549 dieta
457 3485 629 3549 exactione
664 3485 859 3571 proveniret,
882 3484 925 3549 ad
955 3484 1188 3549 monasterium
1212 3485 1253 3551 de
1276 3485 1393 3562 Forda,

345 3588 432 3653 unde
455 3588 496 3652 ad
520 3609 579 3651 nos
602 3593 747 3664 venerat,
772 3587 910 3664 rediens,
926 3587 1070 3674 sigillum
1095 3609 1191 3652 suum
1206 3588 1249 3652 ad
1265 3610 1389 3653 monas·

345 3692 464 3756 terium
498 3688 668 3756 nostrum⁴
695 3689 824 3754 remisit
857 3688 947 3776 patri
977 3689 1091 3755 abbati
1115 3689 1334 3768 deferendum,
1358 3699 1392 3756 et

344 3816 418 3859 eum
443 3816 501 3880 per
523 3794 651 3857 litteras
673 3815 757 3869 suas,
775 3792 861 3857 sicut
883 3799 981 3858 antee
995 3793 1074 3857 viva
1096 3815 1173 3858 vooe
1196 3794 1325 3869 fecerat,
1340 3794 1391 3858 in·

343 3897 546 3962 stantissirno
569 3894 795 3982 supplicavit³
823 3901 870 3972 ut,
899 3897 1075 3961 cessionem
1103 3919 1196 3960 suam
1219 3903 1391 3983 gratanter

343 4001 532 4077 admittens,
555 4021 630 4063 eum
661 3999 703 4062 ab
734 3998 1021 4065 administratione
1051 3999 1166 4064 domus
1189 4006 1310 4064 nostrae
1333 3999 1392 4063 ab·

344 4102 484 4171 solveret
506 4108 541 4166 et
564 4102 639 4167 filiae
663 4124 730 4167 suae
753 4101 1010 4187 dispensatorem
1025 4101 1180 4167 idoneum
1196 4102 1392 4189 provideret.

345 4206 444 4270 Pater
478 4211 589 4270 autem
625 4204 736 4282 abbas,
771 4204 888 4270 videns
919 4226 1011 4269 saram
1044 4204 1250 4291 diligentiam
1283 4204 1320 4268 in
1352 4228 1391 4271 eo

5 2220 69 2285 νος
106 2189 126 2243 d

5 2292 148 2371 sesti

153 2244 229 2346 ..e

475 4365 559 4372 00——
775 4364 832 4372 .-..
848 4364 931 4371 ...η--
943 4363 1009 4370 ..α-.-
1040 4364 1087 4370 -...
1098 4365 1104 4369 .
1116 4364 1164 4370 ...-
1179 4364 1196 4370 ..
1209 4365 1224 4369 ..
1244 4363 1306 4371 —e—
1314 4364 1374 4372 .....,

375 4448 474 4495 'turrice
507 4463 602 4495 sorranus
630 4446 751 4512 perraria]
786 4446 828 4495 the
925 4446 1037 4494 ‘sumu
1056 4482 1062 4494 .
1081 4445 1218 4509 murmura]
1238 4447 1347 4505 domum,
1359 4445 1389 4495 Ρ.

342 4528 446 4591 reading
458 4528 487 4575 of
496 4527 556 4576 both
569 4527 644 4577 list.
924 4527 933 4553 ³
950 4523 1110 4590 arrpplicuuit]
1130 4524 1272 4589 supplicans
1289 4524 1315 4573 in
1328 4525 1390 4575 both

375 4606 385 4637 ²
399 4607 501 4671 prater]
522 4616 602 4666 extro,
615 4605 644 4656 P.
892 4603 967 4655 MSS.

375 4686 442 4751 Μία]
462 4702 485 4748 u,
498 4687 528 4736 P.
