3232 5692
574 837 713 887 rnouss
735 838 844 887 annas
863 838 1015 887 rannus.
1254 822 1319 887 259

106 1017 239 1082 novacen,
272 1012 309 1078 in
331 1014 465 1078 castello
481 1012 521 1078 de
545 1012 735 1079 Buffevett¹
753 1012 1012 1099 deprehenderet
1028 1013 1188 1089 extitisse,
1210 1013 1319 1098 ipsum
1332 1015 1400 1066 Am.
1417 1023 1489 1074 11⁹1.

105 1100 129 1147 μ’
142 1091 197 1136 ⁶⁹¹¹
272 1116 443 1181 castellum
481 1116 628 1201 undique
666 1116 819 1181 obsidens
851 1116 882 1181 ei
916 1116 1085 1182 machinas
1121 1114 1319 1202 porrigebat

271 1217 361 1304 Rege
384 1224 497 1283 autem
520 1218 660 1284 Ricardo
683 1219 827 1305 quadam
857 1221 911 1285 die
941 1219 1111 1284 castellum
1143 1216 1319 1292 assiliente,

272 1341 346 1384 cum
370 1320 502 1385 Isakius
524 1321 561 1384 in
583 1341 696 1385 mensa
717 1322 882 1402 resideret,
907 1321 1059 1387 Statinus
1082 1320 1218 1406 quidam
1240 1339 1319 1384 suus

272 1421 445 1487 familiaris
468 1444 544 1488 eum
573 1423 811 1507 alloquebatur,
835 1424 1005 1488 consulens
1028 1423 1117 1508 quod
1146 1440 1220 1488 cum
1242 1441 1319 1505 rege

272 1523 413 1589 Ricardo
451 1547 563 1611 pacem
600 1526 684 1590 inire
722 1526 863 1591 deberet.
924 1526 979 1591 Ad
1016 1526 1109 1610 cujus
1145 1523 1317 1590 consilium
1330 1529 1469 1583 Historia

274 1624 404 1690 Isakius
434 1628 470 1690 in
500 1628 550 1692 ira
583 1633 779 1714 provocatus
809 1628 989 1705 cultellum,
1010 1650 1108 1714 quem
1130 1633 1212 1692 tunc
1234 1625 1318 1690 forte
1330 1597 1464 1715 ffiffi,

272 1726 309 1789 in
341 1750 442 1793 manu
477 1731 620 1807 tenebat,
655 1730 691 1794 in
726 1752 801 1795 eum
828 1730 920 1814 jecit,
944 1736 978 1796 et
1012 1731 1168 1815 majorem
1190 1728 1470 1815 partemliveredup

271 1829 343 1892 nasi
366 1831 468 1915 ipsius
484 1832 647 1897 violenter
668 1832 844 1897 auferebat
890 1834 922 1896 A
938 1833 1030 1918 cujus
1053 1854 1129 1918 ergo
1144 1834 1318 1917 conspectu
1331 1797 1485 1926 ζιξζῗῆ

272 1929 424 1996 Statinus
447 1932 577 2019 fugiens
599 1955 707 2019 regem
725 1934 903 2000 Ricardum
925 1935 1018 2011 adiit,
1033 1940 1068 1999 et
1083 1935 1114 1999 ei
1128 1933 1319 2018 homagium
1331 1943 1387 1980 ¹¹¹¹&
1465 1992 1475 2009 ‚

271 2054 367 2097 suum
389 2034 511 2099 faciens
533 2036 693 2112 civitates,
710 2037 806 2101 villas
829 2041 863 2102 et
885 2036 1024 2112 castella,
1049 2057 1189 2121 quorum
1212 2038 1321 2098 cueto-

104 2146 141 2196 Be
271 2133 360 2199 diam
375 2136 503 2216 habuit,
519 2138 641 2223 absque
656 2139 806 2204 ulteriori
820 2139 931 2204 labore
947 2137 1141 2204 conferebat.
1188 2135 1320 2201 Isakius

105 2163 199 2264 Pehb.

105 2294 129 2342 p·
143 2284 198 2330 550·
273 2257 350 2324 ergo
364 2238 442 2304 inde
465 2240 549 2303 clam
572 2240 746 2326 aufugiens
768 2242 804 2304 in
826 2240 962 2305 abbatia
977 2241 1121 2325 quadam
1136 2260 1211 2324 quae
1227 2237 1321 2322 Capu

105 2345 132 2394 J.
146 2346 258 2410 Brompt.
273 2339 387 2404 Sancti
411 2341 554 2406 Andreae
590 2342 711 2407 dicitur
733 2365 767 2407 se
791 2342 973 2407 abscondit.
1030 2342 1127 2421 Quod
1157 2340 1319 2404 Ricardus

105 2411 237 2541 ffofflffi,
273 2441 449 2507 advertens
472 2465 547 2507 eum
570 2442 649 2508 illuc
681 2444 944 2529 persequebatur.
1002 2443 1066 2509 Oui
1101 2442 1234 2506 Isakius
1268 2461 1321 2505 oc·
1333 2445 1374 2494 He
1384 2447 1443 2495 sub

104 2560 128 2607 Ρ·
142 2549 197 2596 ⁶⁹2·
273 2558 404 2607 currens
436 2544 480 2607 ad
511 2545 609 2630 pedes
644 2545 715 2630 ejus
745 2567 780 2609 se
811 2545 958 2630 projecit,
993 2566 1113 2630 rogans
1146 2544 1252 2608 vitam
1286 2544 1321 2606 et
1332 2511 1454 2629 {iffi

271 2644 420 2708 membra
441 2646 472 2709 ei
495 2645 703 2710 concedenda
725 2652 759 2710 et
781 2668 856 2711 eum
879 2647 916 2710 in
938 2647 1079 2710 vinculis
1108 2645 1223 2711 ferreis
1253 2664 1321 2709 non

273 2745 377 2831 ligari
438 2747 599 2812 Annuens
633 2754 746 2813 autem
778 2748 938 2812 Ricardus
972 2770 1048 2813 eum
1082 2750 1118 2812 in
1149 2745 1320 2833 compedes

272 2858 443 2933 argenteos
465 2854 499 2914 et
522 2850 668 2914 manicos
690 2871 804 2915 aureas
835 2851 982 2934 conjecit,
1006 2856 1041 2915 et
1063 2872 1139 2915 eum
1160 2849 1256 2913 uxori
1287 2850 1322 2911 et

273 2950 375 3014 sorori
408 2973 475 3016 suae
513 2952 765 3017 custodiendum
802 2952 1040 3018 committebat.
1100 2951 1172 3016 Nec
1208 2956 1320 3014 tamen

274 3050 406 3119 Isakius
422 3054 461 3117 de
477 3076 538 3118 sua
552 3056 777 3140 redemptione
793 3055 993 3118 mentionem
1008 3054 1153 3138 aliquam
1169 3051 1320 3116 faciebat·

274 3153 433 3218 Ricardus
458 3156 560 3219 etiam
583 3161 693 3220 totum
718 3156 854 3243 Ciprunr
877 3156 1015 3242 praefato
1039 3155 1173 3220 Statino
1196 3161 1230 3218 et
1253 3155 1321 3240 ejus
1333 3167 1446 3218 Richard

273 3254 447 3320 heredibus
470 3258 682 3333 attribuebat,
708 3264 747 3322 ut
778 3279 913 3344 regnum
944 3279 1041 3322 suum
1073 3258 1113 3321 de
1145 3256 1215 3343 ipso
1245 3277 1321 3342 rege
1332 3234 1491 3364 ffifflff

275 3355 416 3421 Ricardo
449 3364 484 3422 et
514 3359 647 3445 regibus
678 3360 810 3446 Angliae
833 3361 891 3443 qui
924 3380 984 3446 pro
1017 3377 1164 3444 tempore
1198 3358 1322 3423 fuerint
1335 3367 1455 3418 statinus.

274 3480 332 3544 per
353 3461 526 3525 servitium
561 3461 710 3526 debitum
745 3462 917 3526 detineret
974 3462 1149 3548 Magnetes
1180 3481 1258 3547 ergo
1288 3466 1323 3526 et

275 3581 461 3625 communes
478 3562 570 3648 Cipri
587 3563 724 3628 servitia
746 3562 861 3628 debita
875 3562 982 3627 eidem
998 3562 1130 3627 Statino
1145 3561 1320 3627 faciebant

274 3662 406 3727 Abhinc
438 3670 551 3729 autem
584 3687 676 3751 reges
708 3665 802 3750 cipri
833 3665 912 3729 sacti
944 3671 1023 3730 sunt
1055 3663 1250 3750 homagiarii
1289 3674 1323 3729 et

274 3765 444 3830 tributarii
478 3767 610 3853 regibus
644 3768 776 3853 Angliae
809 3789 913 3853 usque
947 3767 983 3831 in
1014 3757 1219 3832 hodiernum
1277 3766 1324 3832 Et

274 3867 353 3951 quia
376 3865 533 3952 praefatus
557 3868 710 3933 Statinus
732 3891 792 3933 rex
816 3868 990 3954 Ciprorum
1013 3868 1203 3955 praescripto
1225 3869 1322 3934 modo

274 3970 311 4032 in
333 3990 411 4033 naso
434 3969 542 4034 fuerat
565 3971 749 4047 mutilatus,
773 3971 925 4036 Stetinus
947 3976 1082 4036 nasatus
1097 3972 1133 4035 in
1156 3977 1324 4056 posterum

275 4072 332 4136 sed
354 4074 516 4138 contrarie
539 4073 648 4139 fuerat
670 4081 889 4161 nuncupatus

604 4381 613 4412 ¹
630 4379 768 4447 Buffecett]
781 4381 840 4431 read
850 4379 993 4432 Bntiarent.
