3256 5692
66 2588 113 2671 ,[-ξ-
186 2584 312 2637 interdict.

357 786 421 856 394
684 799 782 850 nuso
803 797 911 850 asnis
933 797 1093 860 oumrus.

189 984 441 1062 A.1).1arr.papa
463 975 620 1061 praefatus
643 976 823 1041 Niclrolaus
856 976 983 1063 legatus
1017 976 1059 1041 ab
1080 974 1198 1040 officio
1230 996 1299 1040 suae
1322 975 1411 1061 lega·

187 1059 321 1191 }{ffffle
356 1079 466 1158 tionis,
498 1101 536 1144 eo
570 1079 659 1165 quod
690 1080 800 1145 minus
837 1082 971 1144 strenue
1008 1083 1048 1144 ut
1084 1077 1259 1144 dicebatur
1296 1076 1411 1163 aliqua

187 1192 315 1245 nicholao.
354 1181 457 1268 gessit
479 1182 515 1246 in
537 1182 668 1269 Anglia.
715 1181 817 1247 Unde
839 1205 906 1257 rex,
921 1181 1055 1268 cognito
1078 1180 1167 1267 quod
1188 1179 1310 1267 isjam
1333 1179 1411 1245 snb·

187 1271 292 1323 Tracta-
355 1289 480 1350 tractus
511 1285 627 1351 fuisset
659 1308 756 1372 super
793 1307 891 1371 quem
925 1285 996 1371 ojus
1026 1284 1157 1349 animus
1188 1305 1257 1349 non
1290 1305 1410 1370 parum
1510 1290 1517 1296 '

186 1340 304 1460 liiiiof
355 1386 519 1465 affidebat,
542 1388 655 1454 mitior
677 1394 712 1454 et
733 1388 819 1454 circa
846 1386 996 1453 ecclesias
1029 1392 1064 1452 et
1097 1386 1253 1473 praelatos
1285 1390 1411 1451 tracta-

354 1488 452 1555 bilior
472 1490 671 1572 vidobatur3
695 1512 773 1555 mox
796 1491 886 1556 enim
918 1489 964 1555 eis
996 1511 1095 1577 super
1125 1488 1257 1554 damnis
1289 1494 1326 1554 et
1358 1488 1410 1552 in·

339 1654 342 1667 ,
348 1592 447 1678 juriis
469 1594 636 1671 satisfecit,
651 1593 724 1659 aliis
739 1594 922 1680 pecuniam,
938 1592 1011 1657 aliis
1032 1593 1181 1670 honores,
1195 1589 1407 1680 *dignitates'

339 1670 389 1765 let
410 1695 589 1773 libertates,
611 1697 686 1761 aliis
708 1695 863 1772 maneria,
887 1695 923 1760 in
946 1695 1284 1782 recompensationem
1308 1692 1409 1781 largi·

338 1792 448 1940 qando.
491 1797 525 1862 N
528 1799 703 1885 untiosque
729 1799 818 1864 ultra
842 1820 934 1882 mare
956 1797 999 1863 ad
1022 1797 1146 1863 dictam
1168 1796 1408 1884 Barengariam

357 1901 616 1979 transmittebat,
639 1902 784 1989 gratiam
808 1906 842 1966 et
865 1900 1104 1966 relaxationem
1128 1899 1172 1965 ab
1208 1899 1281 1986 ipsa
1309 1920 1408 1986 super

354 2010 510 2092 requestu
531 2005 665 2091 cupiens
688 2005 885 2091 impetrare:
907 2004 965 2069 sed
997 2003 1039 2068 ab
1071 2003 1143 2090 ipsa
1165 2002 1310 2088 gratiam
1340 2023 1409 2067 non

187 2105 269 2158 Μ’
282 2107 313 2155 0¹⁹
354 2108 595 2195 assequebatur.
642 2107 736 2172 infra
767 2108 866 2173 breve
897 2113 1012 2174 tamen
1045 2110 1080 2172 et
1111 2105 1183 2192 ipsa
1204 2103 1409 2192 Barengaria

186 2173 327 2305 {mili
354 2217 405 2277 est
428 2211 593 2290 defuncta,
609 2217 642 2276 et
665 2232 724 2276 rex
739 2211 762 2276 J
765 2209 909 2275 ohannes
931 2209 974 2275 ab
996 2206 1208 2296 Barengarise
1228 2208 1408 2273 vexatione

187 2319 293 2369 Council
305 2320 334 2370 of
354 2315 484 2400 quietus
522 2313 722 2379 remanebat.
767 2312 898 2378 Deinde
931 2311 1192 2397 archiepiscopus
1231 2309 1407 2376 Cantuari·

186 2386 301 2503 {ffin'
354 2416 439 2481 ensis
473 2438 547 2482 cum
582 2416 668 2483 clero
701 2414 885 2479 Londoniis
915 2413 1092 2479 concilium
1126 2412 1348 2498 celebrarunt,
1371 2418 1407 2479 et

101 2560 105 2581 2
186 2519 311 2568 movalos
353 2516 534 2583 secundum
566 2519 760 2584 mandatum
792 2515 1017 2603 apostolicum,
1042 2519 1078 2580 2⁰
1111 2516 1164 2580 die
1198 2515 1294 2596 Julii,
1319 2537 1405 2581 anno

353 2619 487 2686 Domini
512 2623 610 2701 1214,
627 2620 684 2705 qui
707 2624 779 2685 erat
801 2642 908 2686 annus
930 2619 1033 2706 ipsius
1054 2618 1141 2705 regis
1163 2617 1330 2684 Johannis
1353 2622 1404 2696 16,

353 2722 529 2789 transactis
543 2723 585 2788 ab
600 2722 770 2789 interdicti
785 2722 1049 2810 promulgatione
1071 2721 1167 2786 annis
1190 2725 1220 2798 6,
1237 2720 1405 2786 mensibus

28 2799 79 2841 ’Ψ
185 2825 302 2880 Demens
355 2830 434 2894 det
455 2826 572 2892 diebus
596 2829 645 2892 16.
683 2826 784 2891 Anno
798 2848 877 2892 vero
892 2830 1049 2911 sequente
1071 2829 1146 2890 orta
1169 2830 1220 2890 est
1243 2823 1406 2890 discordia

187 2897 222 2959 by
233 2896 276 2946 the
499 2930 506 2944 .

185 2963 319 3013 bamnsor
355 2951 476 3017 magna
497 2935 586 2994 mter
608 2951 717 3016 regem
740 2933 776 2994 et
798 2950 951 3016 proceres,
975 2949 1035 3014 pro
1065 2949 1104 2994 eo
1127 2928 1215 3013 quod
1238 2948 1314 2992 suos
1335 2926 1405 2991 An·

186 3029 318 3145 eonfirpa-
355 3032 501 3120 gligenas
524 3031 653 3120 legibus
675 3054 696 3096 a
719 3031 839 3097 Sancto
855 3030 1020 3096 Eduardo
1034 3031 1216 3096 confoesore
1239 3029 1405 3095 institutis

186 3104 321 3214 {fflfof
356 3143 390 3201 et
422 3158 525 3222 usque
558 3135 600 3200 ad
635 3135 704 3201 haec
737 3141 886 3222 tempora
921 3134 1061 3211 usitatis,
1085 3155 1167 3220 quas
1190 3140 1224 3199 et
1247 3134 1317 3221 ipse
1345 3154 1405 3198 rex

186 3231 341 3348 lllfffil‘v’qby
354 3238 563 3325 infringebat,
598 3259 665 3302 non
696 3239 822 3302 sincrat
859 3237 1064 3324 congaudere
1076 3262 1084 3318 ;
1123 3237 1181 3323 qui
1213 3241 1248 3302 ct
1278 3236 1403 3301 nullam

214 3313 275 3363 enry
353 3342 458 3429 legem
481 3347 602 3428 praeter
624 3342 675 3406 sui
698 3328 804 3406 cordis
826 3340 959 3405 libitum
982 3362 1131 3406 exercere
1154 3340 1313 3415 curabat3
1349 3361 1404 3404 ex-

353 3445 529 3531 igebatque
560 3467 620 3508 rex
653 3467 674 3508 a
711 3445 779 3508 suis
813 3444 1007 3530 scutagium.
1063 3443 1161 3508 Unde
1194 3443 1324 3529 prolata
1354 3447 1405 3507 est

353 3547 467 3613 charta
499 3548 651 3633 quaedam
686 3546 880 3612 libertatum
912 3547 954 3610 ab
987 3546 1131 3611 Henrico
1153 3546 1262 3632 primo
1284 3545 1404 3631 Anglis

354 3673 511 3727 concessa,
534 3672 633 3736 quam
656 3650 692 3713 in
716 3655 884 3736 posterum
908 3650 1165 3714 conservandam
1197 3648 1261 3713 sibi
1284 3649 1404 3714 confir·

354 3755 437 3818 mari
460 3777 480 3818 a
503 3776 577 3839 rege
600 3775 747 3839 proceres
777 3753 849 3837 jam
881 3752 963 3817 dicti
986 3752 1208 3839 postulabant.
1256 3751 1322 3817 Sed
1344 3773 1403 3814 rex

187 3868 332 3948 Appeqlon
354 3857 502 3922 inducias
523 3857 622 3943 petiit
644 3855 872 3942 respondendi,
890 3878 949 3942 pro
972 3855 1020 3920 rei
1043 3856 1202 3922 novitate.
1250 3855 1403 3920 Interim·

184 3937 338 4069 ffiflessssffe·
353 3983 416 4047 que
447 3960 539 4025 misit
571 3983 629 4025 rex
664 3959 707 4023 ad
740 3981 903 4025 summum
937 3960 1127 4045 pontificem
1161 3959 1258 4045 quod,
1289 3963 1404 4024 contra

352 4064 547 4129 fidelitatem
570 4062 753 4149 pristinam,
778 4084 925 4148 proceres
952 4063 1023 4148 jam
1046 4063 1155 4149 parati
1179 4068 1273 4127 erant
1295 4062 1402 4126 insur-

351 4189 426 4252 gere
449 4171 564 4230 contra
586 4187 669 4230 eum.
716 4165 881 4230 Miserunt
913 4169 948 4229 et
979 4165 1050 4251 ipsi,
1074 4188 1133 4251 pro
1155 4171 1250 4252 parte
1271 4188 1340 4246 sua,
1363 4165 1402 4230 de

352 4269 485 4355 injustis
519 4268 745 4333 exactionibus
776 4273 811 4333 et
845 4268 915 4353 ejus
948 4268 1127 4354 tyrannide
1160 4275 1403 4354 conquerentes

185 4386 249 4436 Acts
260 4387 290 4435 of
353 4372 514 4437 Plurimos
538 4372 659 4458 quippe
681 4371 805 4457 absque
826 4371 951 4455 judicio
975 4392 1146 4457 procerum
1178 4372 1401 4438 exheredavit

185 4461 294 4584 {th
353 4476 500 4542 Uxorem
523 4475 635 4539 fratris
658 4474 710 4538 sui
730 4473 872 4538 Galfridi
901 4473 973 4559 jam
1007 4475 1129 4540 mortui
1164 4497 1223 4561 pro
1255 4476 1403 4541 libidinis

183 4587 282 4664 against
297 4588 339 4639 the
351 4578 451 4653 libitu
473 4576 704 4662 frequentavit.
752 4577 882 4641 Uxores
914 4587 947 4641 et
969 4577 1053 4641 filias
1080 4577 1240 4643 nobilium
1265 4578 1404 4645 deflora-

183 4654 254 4719 k1118·
351 4681 421 4746 vit:
445 4681 591 4747 foeminae
613 4679 699 4745 nulli
721 4679 838 4745 saltem
862 4680 1008 4767 pepercit
1038 4670 1137 4766 quam
1164 4704 1232 4749 suae
1253 4681 1404 4749 libidinis
