3256 5692
382 782 448 848 302
640 791 850 846 marsnam
871 790 980 847 assae
1001 790 1168 857 sumnus

204 973 275 1025 nn.
290 976 353 1026 1197
380 967 543 1055 Waghna,
566 968 662 1033 nobis
686 968 837 1057 erogavit
854 967 874 1049 ;Ι
900 968 950 1034 ita
973 968 1062 1055 quod
1085 988 1147 1033 nos
1169 964 1313 1052 singulis
1336 962 1435 1029 annis

204 1046 357 1191 ἔξω
379 1069 513 1136 domino
535 1070 650 1137 comiti
672 1071 718 1137 ix.
747 1070 897 1138 denarios
921 1076 955 1137 et
985 1070 1119 1136 obolum
1142 1067 1367 1146 redderemus,
1398 1070 1435 1132 et

358 1161 446 1259 'ipse
473 1172 633 1239 Ricardus
659 1178 694 1240 et
717 1174 852 1241 heredes
876 1173 937 1254 sui,
960 1194 1019 1261 pro
1045 1171 1144 1238 dietis
1166 1169 1371 1238 tenementis
1396 1169 1434 1232 in

377 1274 539 1364 Waghna,
562 1276 658 1344 nobis
680 1277 726 1344 ix.
750 1277 901 1344 denarios
931 1281 966 1343 et
987 1275 1122 1344 obolum
1150 1273 1332 1341 annuatim
1356 1271 1434 1339 red·

203 1395 261 1447 sar
274 1395 297 1448 11.
376 1378 452 1444 dere
475 1384 676 1446 tenerentur.
721 1378 826 1466 Cujus
848 1380 936 1445 filius
958 1378 1078 1445 Petrus
1100 1378 1214 1445 eadem
1237 1379 1432 1444 tenemento

375 1481 410 1544 in
422 1481 575 1570 Waghna
588 1481 686 1548 nobis
701 1483 943 1571 imperpetuum
957 1482 1150 1564 relaxabat;
1173 1486 1213 1547 ut
1227 1481 1265 1546 in
1279 1484 1431 1568 tempore

377 1583 529 1673 Hugonis
555 1584 687 1651 abbatis
720 1589 739 1651 5
776 1585 944 1653 referetur.
990 1584 1152 1652 meatus
1185 1587 1300 1650 antem
1336 1582 1429 1648 Hen-

298 1737 314 1775 ,
375 1686 461 1753 ricus
492 1686 600 1776 Pethy
622 1689 752 1755 cuidam
776 1688 926 1755 Johanni
957 1687 1075 1754 Taloni
1109 1709 1164 1755 xx
1196 1708 1289 1753 aeras
1319 1691 1427 1762 terrae,

374 1789 415 1855 de
430 1789 538 1856 tribus
560 1790 674 1857 solidis
696 1790 815 1857 annuis
829 1791 962 1858 domino
978 1790 1091 1857 comiti
1107 1793 1269 1868 oneratas,
1283 1788 1428 1855 eonfere-

373 1890 439 1958 bat.
483 1892 566 1974 Quae
586 1894 683 1961 nobis
698 1899 813 1983 postea
835 1894 963 1961 oollatae
983 1893 1153 1973 fuerunt?
1175 1893 1261 1958 sicin
1283 1891 1322 1957 in
1343 1896 1426 1957 tem·

373 2015 453 2081 pore
471 1995 642 2063 Michaelis
664 1996 795 2063 abbatis
818 2000 839 2061 8
860 1995 1039 2085 apparebit
1085 1994 1247 2061 Osbertus
1270 1994 1311 2059 de
1336 1992 1425 2059 Fris·

207 2108 327 2177 Orwyn-
375 2097 513 2165 marisoo
542 2099 635 2166 dedit
664 2099 761 2166 nobis
791 2104 900 2166 totam
929 2105 1052 2165 terram
1076 2097 1118 2164 de
1140 2095 1367 2185 Orwythfleet
1389 2097 1424 2161 in

205 2176 362 2307 gffiffiom
374 2201 542 2268 territorio
576 2202 617 2269 de
648 2202 876 2290 Pensthorpia‚
907 2223 968 2289 pro
1001 2199 1119 2268 xxviii.
1151 2199 1265 2267 solidis
1301 2200 1423 2265 annuis

207 2320 329 2373 Osbertue
375 2303 439 2369 sibi
462 2309 497 2369 et
517 2305 693 2372 heredibus
715 2303 806 2371 suis³
828 2304 1066 2393 impendendis
1112 2302 1165 2368 De
1189 2302 1310 2390 quibua
1334 2308 1422 2369 terra

205 2388 320 2506 ffiff·
374 2411 409 2470 et
431 2406 566 2472 redditu
600 2412 747 2496 tempore
771 2407 856 2475 Adae
890 2406 1021 2473 abbatis
1047 2405 1280 2494 quartidecimi
1309 2411 1422 2494 postea

205 2534 351 2588 Reclsimed
374 2507 560 2574 referetur.⁴
615 2510 692 2597 Ipse
730 2516 845 2577 tamen
878 2510 1048 2591 osbertus,
1083 2509 1129 2575 Μ.
1159 2512 1269 2575 mater
1297 2530 1361 2575 sua
1389 2515 1423 2575 st

206 2600 324 2721 {5⁸¹2}ssOE
374 2610 492 2678 fratres
513 2611 595 2678 dicti
619 2612 761 2693 osberti,
785 2635 884 2701 super
916 2613 1117 2703 possessione
1143 2613 1243 2679 diotae
1269 2617 1369 2679 terrae
1389 2617 1424 2678 et

325 2708 331 2721 '
372 2713 447 2779 aliie
469 2714 729 2801 possessionibus
751 2738 832 2802 quas
855 2715 896 2782 de
918 2716 1015 2782 feodo
1037 2715 1143 2804 ipsius
1158 2714 1296 2781 Osberti
1320 2715 1419 2781 habe-

205 2832 352 2901 Litigaion.
372 2815 499 2899 bamus,
522 2839 582 2884 nos
604 2823 718 2906 postea
739 2818 908 2885 vexabant
929 2818 1061 2905 injuste.
1106 2819 1247 2905 Propter
1268 2819 1360 2905 quod
1380 2818 1423 2883 ad

372 2920 483 2985 sedem
505 2921 719 3008 apostolicam
751 2944 817 3009 per.
831 2923 914 2988 nos‘⁵
936 2921 1046 2988 fuerat
1077 2921 1289 3010 appellatum
1345 2921 1421 3010 Ipse

372 3045 451 3111 ergo
484 3023 644 3090 Oebertus
678 3030 810 3091 econtra
840 3025 950 3090 sedem
988 3025 1202 3112 apostolicam
1236 3023 1364 3103 adibat,
1385 3029 1421 3091 et

371 3126 501 3193 litteras
517 3127 712 3215 apostolicas
729 3127 926 3214 quibusdam
944 3127 1113 3214 judicibus
1128 3127 1290 3215 delegatis
1305 3133 1422 3194 eontra

371 3251 431 3295 nos
453 3231 654 3318 impetravit.
700 3231 844 3297 ⁶Postea
877 3235 1000 3309 tamen,
1022 3231 1109 3297 idem
1145 3231 1308 3297 Osbertus
1340 3233 1421 3318 ipsis

371 3332 493 3398 litteris
530 3334 745 3420 apostolicis⁶
783 3339 986 3400 sacramento
1024 3334 1235 3421 corporaliter
1272 3335 1424 3422 praestito

371 3435 602 3513 renuntiavit,⁷
634 3442 669 3502 et
699 3436 820 3522 adjecit
842 3438 930 3523 quod
952 3459 1012 3503 nec
1034 3438 1104 3524 ipse
1135 3459 1195 3502 neo
1227 3436 1351 3523 aliquis
1380 3459 1425 3503 ex

371 3541 467 3622 parte
501 3559 561 3601 sua
594 3537 675 3603 alias
709 3539 839 3605 litteras
871 3561 969 3626 super
1001 3540 1242 3627 praenominata
1264 3545 1365 3622 terra,
1386 3541 1424 3605 in

371 3638 598 3724 praejudicium
632 3662 690 3706 seu
723 3664 902 3728 gravamen
936 3647 1096 3722 nostrum,
1119 3664 1141 3706 a
1168 3642 1305 3708 domino
1336 3665 1425 3731 papa

406 3905 498 3957 ¹nobh
509 3906 628 3973 erepant]
647 3906 798 3958 monasterio
815 3921 872 3957 nos·
948 3909 1051 3960 ‘Aster
1072 3926 1115 3960 nos
1136 3910 1216 3962 insert
1242 3926 1319 3976 super
1346 3910 1425 3962 dietis

371 3987 595 4052 troinperpetuum
606 3989 733 4052 erogabat,
743 3986 773 4040 P.
914 3989 1100 4051 vexationibus,
1111 3990 1141 4041 P.

404 4066 497 4126 ²Quoe
519 4066 587 4116 notu
676 4065 795 4132 fueram]
821 4066 872 4129 Qui
949 4067 1064 4118 8Ροεῑεα
1087 4077 1189 4120 maen.
1212 4105 1220 4120 .
1240 4106 1248 4121 .
1265 4069 1422 4140 apostolica]

371 4148 391 4199 J
392 4147 504 4198 ohannes
520 4149 620 4199 easdem
629 4164 673 4199 xx.
686 4163 758 4199 acras
773 4163 872 4198 monas·
916 4147 967 4212 Qui
979 4149 1080 4213 quidem
1092 4149 1213 4200 Osbertns
1227 4158 1330 4215 propter
1340 4168 1425 4217 quan-

371 4228 436 4278 terio
447 4235 533 4278 nostro
545 4228 659 4290 contulit,
671 4229 701 4278 P.
915 4229 974 4277 dam
990 4229 1183 4280 conventionem
1200 4228 1267 4279 inter
1283 4245 1331 4281 nos
1348 4231 1426 4282 habi·

405 4306 873 4372 'Astersuhinsertimperpetuum‚P.
915 4313 968 4357 tarn
978 4307 1006 4357 in
1018 4308 1128 4372 capitulo
1138 4308 1324 4369 Bererlaoenn,
1336 4310 1369 4361 P.

405 4389 414 4417 ⁴
433 4387 475 4436 De
492 4386 579 4451 quibus
596 4424 602 4438 .
620 4423 627 4438 .
644 4423 652 4437 .
669 4387 802 4452 reseretur]
822 4385 873 4450 Qui
949 4387 1051 4437 'Aster
1077 4390 1226 4439 renuntiavit
1248 4389 1336 4449 insert,
1359 4390 1427 4455 ipsis

371 4466 484 4516 redditus
493 4467 525 4516 ad
532 4465 634 4516 heredes
642 4465 738 4515 domini
747 4465 766 4515 J
767 4465 874 4515 ohannis
915 4465 1005 4516 litteris
1016 4482 1077 4531 quas
1088 4483 1104 4518 s
1115 4469 1174 4519 sede
1185 4469 1321 4533 apostoliea
1333 4480 1426 4522 sonna

371 4546 403 4594 de
413 4545 496 4595 Melea
506 4552 593 4608 postea
604 4544 761 4606 deveniebat
769 4545 799 4595 P.
817 4543 874 4595 The
915 4561 962 4596 nos
972 4561 1047 4609 snper
1058 4547 1113 4611 ipsa
1129 4554 1196 4601 terra
1207 4550 1238 4600 de
1250 4548 1427 4615 Onythfleot

372 4640 475 4690 passage
494 4623 517 4674 is
538 4625 623 4677 dated
644 4624 812 4688 underneath,
834 4623 874 4675 for
916 4624 1067 4691 impetrarit,
1078 4628 1109 4680 P.

372 4702 560 4765 erasmainB.
