3232 5692
348 785 412 851 148
677 795 776 848 ansa
797 796 908 849 anese
931 795 1069 849 rannus.

178 982 227 1031 aad
240 979 261 1029 a
348 993 414 1061 qua
436 973 603 1040 <immanes
625 995 701 1039 eum
732 974 889 1060 primitus
919 974 1122 1047 invaserunt,
1145 972 1208 1036 viri
1232 971 1282 1037 illi
1304 974 1399 1059 qnin-

180 1047 329 1164 fflffi
348 1076 462 1153 decim,
498 1077 556 1163 qui
592 1077 716 1142 ibidem
751 1077 781 1141 ei
815 1075 924 1163 primo
945 1080 1141 1162 apparentes
1163 1076 1398 1152 instruxerant,

181 1180 308 1245 religione
348 1186 583 1267 apparuerunt.
629 1180 695 1261 Qui
735 1179 843 1245 Deum
881 1178 1056 1245 laudantes
1087 1178 1222 1264 ejusque
1253 1178 1400 1244 uictoriae

347 1284 555 1371 gratulantes
601 1282 770 1363 dixerunt,
829 1289 846 1318 ‘⁴
859 1281 943 1367 Eya,
989 1287 1092 1369 pater,
1138 1302 1227 1346 nnnc
1282 1283 1400 1347 scimus

349 1395 366 1421 “
389 1387 546 1472 quoniam
569 1408 629 1473 per
650 1390 817 1451 tonnenta
840 1407 913 1471 qna>
935 1386 1102 1450 sustinens
1127 1383 1270 1450 viriliter
1291 1384 1401 1450 vicisti

352 1495 370 1525 “
393 1489 437 1554 ab
472 1488 626 1554 omnibus
657 1489 802 1576 peccatis
836 1493 996 1575 purgatus
1028 1508 1071 1552 es.
1116 1487 1162 1554 Et
1184 1509 1256 1553 ecce
1273 1487 1343 1573 jam
1366 1488 1401 1552 in

352 1599 370 1627 “
394 1591 505 1680 patria
538 1598 598 1656 tua
630 1590 713 1657 lucis
746 1613 865 1656 aurora
901 1588 1057 1655 clarescit.
1114 1589 1262 1656 Ascende
1298 1590 1403 1676 igitur

352 1701 370 1731 “
393 1693 620 1782 quantocius.”
675 1694 823 1780 Accepta
860 1693 972 1778 itaque
1009 1691 1053 1758 ab
1090 1691 1138 1758 eis
1173 1691 1402 1757 benedictione

185 1819 321 1884 Theonoe
352 1799 503 1887 protinus
534 1798 694 1864 ascendit.
740 1796 867 1863 Eadem
898 1817 977 1862 vero
1008 1795 1090 1861 hora
1122 1816 1188 1883 qna
1217 1795 1308 1883 prior
1339 1795 1402 1859 loci

185 1888 296 2009 ἔξω
353 1908 483 1990 portam
519 1898 670 1988 aperuit,¹
707 1898 802 1965 miles
840 1899 881 1964 de
911 1905 1008 1964 antro
1045 1897 1182 1963 veniens
1215 1895 1403 1985 apparebat.

240 1992 246 2006 ⁴
355 2004 460 2085 Quem
484 2026 557 2069 cum
580 2003 702 2091 gaudio
725 2023 845 2089 magno
867 2002 957 2089 prior
977 2001 1157 2088 suscipiens
1178 2001 1214 2066 in
1236 2000 1404 2066 ecclesiam

355 2107 554 2188 introduxit,
594 2106 707 2193 ibique
744 2127 820 2172 eum
858 2105 930 2171 aliis
969 2109 1010 2170 15
1049 2104 1166 2171 diebus
1199 2104 1403 2170 orationibus

186 2219 342 2285 mielnlghr
355 2210 507 2277 insistere
538 2209 723 2276 constituit.
771 2209 910 2289 Deinde,
934 2209 1028 2296 signo
1060 2209 1166 2275 crucis
1199 2208 1234 2273 in
1266 2207 1403 2273 humero

186 2288 336 2407 m&
356 2319 514 2400 suscepto,
558 2312 727 2379 Dominici
768 2313 911 2398 corporis
952 2312 1137 2398 sepulcrum
1183 2310 1403 2409 lherosolimis

356 2417 492 2482 visitare
526 2415 683 2503 porrexit.
740 2416 786 2480 Et
818 2415 896 2480 inde
929 2415 1060 2482 rediens
1090 2435 1200 2502 regem
1235 2414 1403 2480 dominum

189 2528 230 2576 0¹1
243 2526 282 2574 his
356 2541 463 2599 sunm,
498 2519 551 2585 cui
586 2519 678 2606 prius
715 2518 886 2584 familiaris
918 2519 1087 2598 extiterat,
1121 2518 1214 2599 adiit,
1247 2519 1404 2604 quatinus

188 2592 318 2710 mm
356 2622 516 2709 ojusmodi
541 2643 638 2710 quem
668 2621 732 2686 sibi
762 2621 947 2688 consuleret
973 2622 1041 2709 ipss
1063 2621 1230 2707 religionis
1253 2621 1404 2687 habitum

190 2728 231 2775 ern·
244 2727 308 2788 lius
357 2725 545 2812 susciperet.
592 2724 642 2788 Eo
672 2729 819 2811 tempore
841 2725 943 2791 abbas
970 2723 1177 2804 Lundensis,2
1199 2724 1258 2810 qui
1280 2746 1301 2789 a
1322 2747 1406 2811 prae·

189 2809 310 2923 ζᾚῖξζξζ
358 2829 427 2893 sato
450 2850 524 2913 rege
547 2826 655 2891 locum
682 2826 725 2891 sd
755 2828 1009 2893 construendum
1039 2827 1274 2894 monasterium
1303 2827 1405 2914 irnpe-

190 2926 311 3044 {fflffj‘ffi
358 2934 473 3007 tranat,
511 2929 698 2995 Gilbertum
737 2931 778 2995 do
815 2930 909 2995 Luda
952 2930 1147 2998 monachum
1190 2952 1288 2996 suum
1332 2953 1406 2996 eum

359 3033 557 3119 quibusdam
580 3031 653 3097 aliis
675 3034 718 3097 ed
741 3033 881 3098 eundem
903 3055 1012 3121 regem
1035 3035 1070 3100 in
1093 3033 1289 3099 Hiberniam
1303 3033 1405 3112 misit,
1494 3065 1505 3085 ·

360 3137 401 3203 ad
416 3137 524 3222 ipsum
541 3137 776 3201 monasterium
791 3139 1055 3205 construendum.
1091 3138 1245 3218 Quicum
1260 3137 1407 3225 linguam

360 3240 477 3327 patrim
509 3241 685 3327 ignoraret,
715 3262 784 3318 rex,
806 3243 910 3307 accito
943 3243 1081 3328 praefato
1112 3241 1226 3321 milite,
1245 3241 1346 3326 jussit
1368 3245 1408 3305 ut

194 3349 233 3398 Hc
246 3355 283 3399 at·
361 3343 523 3429 interpres
546 3366 619 3408 cum
643 3343 803 3409 monacho
834 3348 991 3409 maneret.
1039 3342 1274 3425 “Gratanter,''
1296 3343 1407 3429 inquit

194 3416 332 3531 ἷξξᾙῇῃο
361 3445 462 3523 miles,
489 3451 505 3480 “
518 3446 547 3511 ci
570 3447 694 3512 servire
725 3448 834 3513 debeo.
880 3447 945 3514 Sed
968 3469 1027 3513 vos
1049 3470 1122 3514 eum
1144 3470 1264 3535 magna
1286 3447 1408 3534 gratia·

194 3549 349 3599 altisterciau
363 3555 379 3584 “
402 3571 476 3613 rum
499 3550 627 3614 actione
651 3549 876 3616 cisterciensis
898 3551 1024 3618 ordinis
1053 3552 1228 3617 monachos
1248 3550 1285 3616 in
1306 3572 1408 3637 regno

195 3624 344 3681 ''mmm''
361 3657 379 3685 “
402 3656 512 3716 vestro
546 3653 708 3739 suscipere
746 3653 899 3735 debetis3
946 3654 1101 3741 quoniam
1145 3655 1182 3718 in
1220 3657 1407 3718 sanctorum

363 3753 515 3838 “requie
549 3775 616 3819 non
650 3755 720 3820 vidi
753 3756 902 3821 homines
934 3757 1040 3843 gloria
1073 3761 1170 3822 tanta
1191 3757 1346 3844 praeditos
1368 3764 1408 3822 ut

364 3865 381 3889 ‘·
404 3855 502 3941 hujus
534 3858 702 3945 religionis
733 3859 848 3926 viros.’'
895 3860 1083 3946 Mansitque
1108 3882 1182 3925 eum
1205 3860 1318 3925 eodem
1341 3882 1410 3924 mo·

363 3959 468 4022 nacho
501 3960 593 4025 miles
626 3960 703 4042 ille;
743 3961 799 4025 sed
833 3962 1010 4029 monachus
1048 3962 1101 4027 vel
1133 3984 1306 4027 conversus
1337 3964 1409 4030 fieri

363 4061 485 4141 nolens,
510 4062 574 4127 fuit
607 4062 752 4148 ejusdem
788 4065 978 4130 monasterii
1000 4064 1177 4130 forinsecus
1199 4066 1235 4129 in
1258 4065 1410 4131 omnibus

196 4166 561 4262 'llwknirhtprocurator.
623 4166 912 4252 Opinantilrusque
948 4166 1143 4252 quibusdam
1178 4168 1266 4253 quod
1299 4167 1409 4232 aulam

195 4235 348 4354 ffiffinffl
363 4269 586 4355 praescriptam
633 4269 794 4334 intrantes
840 4269 874 4332 iu
913 4270 1020 4334 extasi
1058 4290 1170 4335 omnes
1207 4271 1411 4357 prescriptae

497 4458 527 4465 ..-

397 4571 402 4596 ⁸
421 4565 531 4628 sponsi]
551 4563 664 4628 apparuit
678 4564 703 4612 in
716 4563 772 4612 MS.
911 4572 1051 4629 monastery
1064 4565 1094 4612 os
1108 4565 1188 4614 lauth
1208 4566 1283 4625 Parii,
1303 4567 1329 4615 in
1351 4567 1409 4616 Lin-

396 4648 404 4674 '²
436 4643 584 4707 inimicaris]
624 4644 683 4692 read
731 4642 859 4692 lindensis.
911 4643 1042 4699 colnslrire,
1055 4644 1075 4692 is
1088 4644 1212 4694 intended,

363 4726 481 4777 (terrase.
503 4724 577 4773 abbot
597 4723 627 4771 ol
654 4723 695 4772 the
722 4722 859 4773 Cistercian
