3232 5692
524 776 707 829 ramerus
729 776 838 827 sams
860 779 1050 834 securibus
1244 769 1308 832 215

264 970 340 1024 papa
356 953 374 1007 3
391 952 542 1009 successit.
580 953 616 1008 In
642 953 727 1024 cujus
753 961 885 1027 tempore
909 963 995 1027 capta
1016 962 1062 1012 est
1083 957 1266 1030 Ierosclyma
1291 978 1309 1014 a

265 1036 427 1092 Saracenis.
488 1036 545 1106 Qui
571 1055 656 1109 papa,
683 1056 750 1094 cum
778 1038 814 1095 de
844 1039 1048 1095 transmarinis
1078 1042 1211 1112 partibus
1248 1049 1308 1098 tam
1385 1078 1388 1083 -

264 1121 390 1176 llebilem
408 1139 471 1177 rem
490 1121 621 1201 audisset
638 1140 700 1193 prm
717 1123 809 1179 nimio
827 1123 927 1181 delere
945 1124 1027 1180 obiit.

302 1367 390 1424 VIII.
411 1369 454 1425 De
471 1387 533 1440 repe
550 1369 682 1434 Hearicc,
707 1375 732 1424 et
754 1369 928 1425 libertatibus
945 1388 995 1441 per
1012 1387 1077 1424 aare
1093 1370 1261 1426 cwraasterio

589 1454 733 1517 coacescis,
752 1459 777 1508 ei
795 1454 865 1509 aliie
883 1453 1055 1509 accidentiis.

293 1582 427 1653 Rogerus
446 1584 637 1640 Eboracensis
658 1585 905 1657 archiepiscopus,
930 1584 981 1656 qui
1005 1583 1215 1639 monasterium
1238 1601 1304 1639 nos·
1316 1583 1385 1638 Μ).
1401 1589 1463 1636 lltt

257 1671 336 1721 trum
354 1667 391 1722 de
409 1675 489 1723 terra
512 1668 549 1723 de
567 1669 703 1742 Waghna
729 1669 875 1741 spoliavit,
901 1669 1022 1724 chorum
1048 1667 1180 1723 ccclesia
1207 1669 1303 1723 catho·
1315 1656 1407 1702 4184.

256 1749 346 1805 dralis
372 1751 573 1817 Eboraeensis,
593 1771 660 1808 eum
687 1753 798 1825 cryptis
826 1752 968 1825 ejusdcm,
989 1758 1019 1807 et
1043 1752 1185 1823 palatium
1208 1741 1410 1806 orchi-W01k1

256 1833 421 1906 episcopale
439 1835 470 1889 in
487 1836 627 1902 Eboraco,
657 1837 692 1891 de
716 1854 791 1892 nove
810 1837 989 1901 construxit,
1023 1835 1176 1890 ecelesiam
1203 1834 1302 1891 Sancti
1315 1810 1439 1926 {¹⁰⁰⁰ctfid

257 1918 391 1989 Sepulcri
409 1919 446 1973 ad
460 1920 580 1990 januam
599 1921 692 1992 ipsius
710 1920 812 1992 palatii
826 1920 965 1984 condidit,
979 1936 1102 1992 eamque
1115 1920 1154 1974 xi.
1169 1919 1301 1975 ecelesiis
1316 1891 1407 2007 bisfflp
1422 1903 1434 1914 '

255 2002 375 2070 ‹litavit3
400 2008 431 2059 et
455 2004 486 2057 in
515 2022 548 2058 ea
572 2006 589 2058 t
613 2005 788 2069 sacerdotes,
815 2005 986 2060 4diaconos
1015 2011 1045 2060 et
1061 2004 1080 2056 4
1098 2003 1299 2068 subdiaconos,
1314 2008 1401 2086 linger

255 2097 285 2141 et
309 2104 401 2141 unum
426 2089 578 2143 sacristam
605 2090 656 2160 qui
684 2090 726 2144 eis
752 2096 900 2160 praeesset,
920 2088 1059 2144 instituit.
1104 2088 1300 2160 Privilegium
1313 2076 1424 2127 ¹¹¹Y⁰fk

254 2170 290 2223 ub
308 2169 473 2225 Alexandro
491 2190 566 2243 papa
590 2173 768 2244 impetravit,
797 2174 874 2245 quod
902 2173 928 2228 si
953 2172 1060 2244 aliquis
1088 2172 1213 2226 clericus
1239 2190 1300 2226 suae
1314 2143 1450 2197 mm·

250 2255 465 2325 jurisdictionis
492 2274 582 2326 agens
608 2258 638 2310 in
668 2257 807 2312 extremis
837 2261 1045 2313 testamentum
1076 2256 1240 2318 conficeret,
1273 2255 1299 2310 si

253 2340 379 2411 propriis
408 2340 543 2395 manibus
568 2341 686 2422 propria
715 2341 791 2395 bona
818 2359 876 2396 non
902 2341 1102 2404 distribueret,
1130 2340 1299 2394 facultatem

252 2422 373 2478 haberet
402 2424 636 2495 archiepiscopus
670 2424 820 2495 injiciendi
852 2443 956 2479 manus
990 2424 1021 2478 in
1050 2423 1126 2477 bona
1156 2422 1296 2477 defuncti.

252 2504 395 2573 Quoniam
419 2507 519 2578 itaque
545 2508 623 2579 quod
649 2508 774 2579 quilibet
790 2508 837 2562 vir
855 2509 887 2562 in
910 2507 1001 2562 alium
1026 2506 1130 2562 statuit
1150 2506 1195 2559 uti
1213 2505 1300 2560 debet
1312 2510 1435 2562 Histros-

251 2589 353 2642 oodem
375 2589 452 2660 jure,
472 2595 539 2660 post
565 2597 689 2645 mortem
717 2590 851 2662 ejusdem
876 2589 1088 2662 archiepiscopi
1117 2606 1297 2660 quaecunque
1312 2592 1453 2629 welmn-

249 2677 364 2743 reperta
382 2679 450 2729 sunt
466 2674 497 2730 in
515 2674 577 2729 suis
596 2675 723 2730 archivis
741 2676 871 2746 reposita
882 2674 1038 2730 confiscata
1050 2677 1136 2738 sunt;
1161 2671 1299 2729 videlicet
1310 2643 1414 2762 {md
1430 2713 1457 2765 lh

248 2756 287 2810 xi.
308 2756 403 2812 millia
419 2757 561 2813 librarum
587 2759 702 2830 argenti
727 2759 836 2814 veteris
862 2764 994 2822 monetas,
1015 2756 1097 2812 aurei
1114 2757 1248 2822 macenti,
1269 2762 1299 2813 et
1400 2729 1429 2764 ω
1463 2749 1471 2764 '

248 2840 307 2894 alia
323 2859 394 2895 vasa
412 2859 500 2912 quam
520 2842 648 2913 plurima
671 2843 809 2914 pretiosa.
857 2842 929 2897 Post
955 2841 1040 2912 eujus
1068 2840 1190 2904 obitum
1212 2838 1296 2894 sedes

248 2923 514 2995 archiepiscopatus
533 2926 725 2981 Eboracensis
744 2944 796 2997 per
815 2925 916 2980 decem
944 2942 1034 2979 annos
1054 2925 1149 2978 fertur
1166 2941 1296 2978 vacasse.

248 3008 422 3063 Malcclmus
440 3027 491 3063 rex
510 3009 629 3074 Seociae,
649 3011 744 3065 Resus
769 3010 943 3065 australium
960 3008 1156 3064 Wallensium
1181 3013 1211 3061 et
1234 3005 1295 3061 Au·
1308 3005 1447 3060 Historical

247 3091 357 3147 doenus
375 3092 584 3162 aquilonalium
601 3093 794 3149 Wallensium
811 3093 969 3164 principes,
982 3092 1116 3146 facerunt
1126 3090 1295 3160 homagium
1308 3083 1402 3127 “⁰¹¹⁰-

247 3176 377 3230 Henrico
403 3177 469 3248 regi
487 3176 613 3248 Angliae.
652 3177 799 3232 Henricns
826 3177 907 3247 regis
935 3175 1058 3230 Henriei
1080 3174 1295 3245 primogenitus

247 3266 401 3316 coronatus
427 3267 473 3316 ost
500 3262 532 3315 in
554 3278 666 3332 regem,
686 3261 804 3316 vivente
829 3265 921 3331 patro,
950 3259 1062 3313 Thema
1089 3257 1294 3313 cantuariensi

144 3361 147 3367 ·
247 3343 466 3416 archiepiscopo
484 3350 553 3400 tunc
571 3345 602 3399 in
619 3345 707 3400 exilio
731 3348 935 3399 commorante.
974 3342 1057 3396 Idem
1076 3341 1202 3396 Thomas
1221 3341 1294 3396 Oan-

248 3429 404 3483 tuariensis
423 3428 667 3500 archiepiscopus,
685 3429 722 3483 ob
745 3427 945 3482 defensionem
964 3425 1101 3497 justitia,
1121 3425 1152 3478 in
1172 3424 1294 3481 basilica

248 3511 326 3566 sedis
345 3530 405 3566 suae
425 3530 443 3566 a
460 3519 585 3583 quatuor
607 3512 752 3567 militibus
780 3511 859 3581 regis
887 3509 1029 3578 martyrio
1056 3513 1210 3563 coronatus
1237 3515 1291 3573 cst,

246 3613 320 3649 anno
341 3594 460 3650 Domini
475 3596 559 3650 4170.
607 3595 747 3666 Sequenti
766 3612 841 3649 enno
859 3599 1067 3665 postmortem
1084 3592 1224 3663 martyris
1242 3610 1293 3647 rex

246 3678 393 3733 Hemicus
413 3678 509 3733 senior
526 3678 701 3733 Hiberniam
718 3683 851 3748 potenter
870 3677 1049 3748 subjugavit,
1064 3675 1192 3747 plurima
1210 3675 1241 3731 in
1258 3694 1293 3732 ea

246 3762 358 3827 statuit,
378 3768 408 3817 et
432 3762 535 3817 exinde
562 3762 640 3833 cepit
664 3779 715 3816 rex
733 3761 860 3832 Anglim,
881 3760 1016 3815 dominus
1034 3759 1195 3824 Hiberniae,
1219 3778 1292 3815 nun·

246 3846 356 3916 cupari.
401 3845 547 3901 Ricardus
572 3845 653 3917 prior
671 3845 849 3900 Deveransis
868 3846 962 3899 lactus
981 3851 1028 3899 est
1054 3842 1291 3915 archiepiscopus
1308 3847 1397 3899 Vinion

246 3929 473 3985 Cantuariensis.
512 3929 578 3994 (lui,
608 3928 662 3984 sub
686 3947 760 3983 anno
790 3929 974 4000 pontificatus
1001 3927 1047 3983 sui
1075 3927 1130 3992 12⁰,
1157 3929 1293 3998 apparuit
1304 3929 1363 3992 ΜΨ
1373 3917 1408 3982 bl

244 4014 324 4068 lleus
343 4014 374 4068 in
390 4013 467 4078 visu,
488 4013 598 4078 dicens,
634 4014 708 4068 “Tu
725 4012 876 4085 dissipasti
903 4013 979 4068 bona
1003 4011 1135 4067 ecclesiae
1159 4029 1242 4077 meae,
1262 3981 1425 4101 etffghffi

247 4100 264 4122 “
285 4114 341 4168 ego
359 4097 509 4169 extirpabo
526 4102 556 4151 te
574 4096 610 4152 de
628 4096 753 4162 terra;”
779 4103 809 4152 et
827 4095 894 4151 iude
912 4095 1087 4167 perterritus
1112 4094 1193 4150 obiit.
1232 4096 1291 4152 Pro
1304 4065 1446 4169 osemlltess.

245 4180 355 4235 ultione
380 4180 480 4251 itaque
505 4181 666 4236 innocentis
694 4180 846 4252 sanguinis
875 4179 976 4235 Sancti
993 4179 1113 4234 'l'homae
1137 4179 1288 4252 martyris,
1302 4181 1375 4246 bury.

244 4263 392 4319 Henrieus
410 4282 462 4318 rex
476 4265 587 4335 junior,
601 4283 759 4336 omnesque
773 4266 834 4319 sero
850 4264 924 4335 regii
939 4264 1003 4329 filii,
1017 4262 1188 4319 Lodowicus
1202 4264 1290 4319 etiam

243 4366 294 4402 rex
319 4348 460 4413 Franciae,
488 4366 584 4404 comes
610 4348 758 4403 Flandriae
783 4355 814 4402 et
840 4365 937 4403 comes
963 4347 1123 4412 Blosensis,
1149 4347 1289 4403 adversus

243 4450 344 4503 regem
363 4431 526 4487 chrieum
545 4435 689 4489 seniorem
707 4433 892 4497 rebellantes,
911 4431 1047 4487 civitates
1066 4437 1096 4487 et
1113 4431 1288 4487 munitiones

242 4518 271 4571 iu
298 4518 501 4573 transmarinis
531 4518 663 4589 partibus
694 4534 876 4587 regnumque
907 4516 935 4570 oi
964 4517 1079 4571 auferre
1110 4516 1285 4570 nitebantur.

243 4600 421 4656 Willielmus
450 4620 565 4673 quoque
595 4619 646 4655 rex
678 4602 787 4657 Scociae
814 4598 931 4671 duoque
961 4601 1081 4655 comites
1106 4600 1228 4655 Cestriae
1258 4608 1288 4656 et

242 4685 419 4754 Lcyecstriae
437 4685 474 4742 ad
492 4686 631 4757 Angliam
657 4685 776 4743 interim
800 4684 1008 4741 devastandam
1026 4703 1057 4740 se
1075 4690 1285 4762 praepararunt.
