3232 5692
527 789 667 836 'rnorrrs
689 787 797 836 ranas
819 788 971 836 rasurus.
1211 773 1275 840 271

228 1078 310 1142 Car.
336 1077 470 1142 XXIII.
496 1076 542 1141 De
557 1074 713 1161 captione
739 1074 890 1140 retrardi·
904 1073 994 1158 repis
1016 1074 1058 1139 ab
1081 1070 1280 1137 bominibus

318 1179 419 1244 duo-is
445 1178 623 1255 Acetum
649 1184 678 1242 et
709 1176 749 1242 de
779 1199 803 1242 c.
829 1175 925 1241 mille
953 1174 1052 1239 libris
1073 1173 1187 1261 puetis
1212 1194 1279 1259 pro

318 1281 547 1366 redemptione
571 1301 660 1358 arro,·
683 1285 713 1344 et
739 1279 779 1344 de
806 1277 962 1343 theream
988 1276 1117 1343 collecto
1140 1276 1187 1342 od
1208 1275 1280 1361 ejas

317 1384 588 1468 redemptionem.
961 1387 964 1393 '

275 1558 433 1622 Firmatis
449 1560 580 1622 demum
596 1557 737 1622 induciis
755 1556 974 1621 triennalibus
989 1556 1025 1618 in
1041 1554 1142 1618 Terra
1157 1553 1281 1618 Sancta
1293 1533 1362 1612 AD.
1377 1568 1450 1616 1192

230 1661 449 1746 interregem
475 1661 653 1725 Ricardum
685 1666 720 1725 et
750 1659 953 1737 Sabdiuum,
978 1656 1151 1722 Hubertus
1174 1641 1443 1759 Sans-geffiffi

231 1762 394 1826 buriensis
420 1762 591 1849 episcopus
623 1785 680 1849 pro
703 1785 739 1827 se
761 1767 796 1825 et
819 1783 879 1846 pro
902 1782 976 1846 rega
1000 1764 1152 1824 sanctum
1175 1758 1357 1844 sepul-nom
1369 1776 1412 1825 the

232 1885 324 1927 crum
363 1864 450 1949 apud
490 1864 716 1929 Ierosolinmm
755 1862 872 1942 adivit,
910 1863 1118 1947 hostiamque
1155 1883 1281 1926 sacram
1294 1840 1450 1907 ¹¹⁰¹l¹¹⁸”‘¹·

231 1966 354 2030 ibidem
378 1966 552 2030 immolans
575 1967 618 2031 ud
641 1989 750 2051 regem
774 1965 954 2051 repedavit.
1001 1964 1141 2028 Interim
1168 1968 1282 2028 autern

230 2090 289 2132 rex
313 2068 474 2132 Ricardus
496 2069 532 2131 in
556 2068 657 2133 Terra
680 2070 804 2133 Sancta
834 2067 1019 2131 custodiam
1048 2088 1107 2153 per
1129 2066 1282 2131 civitates

231 2175 265 2234 et
287 2170 436 2254 regiones
459 2169 665 2255 disponebat,
689 2170 789 2235 etad
812 2168 946 2255 propria
975 2168 1082 2232 redire
1104 2168 1281 2255 praeelegit.

64 2287 96 2338 R.
109 2288 219 2350 lligden,
232 2271 305 2350 Quo
329 2279 475 2356 ternpore
510 2294 529 2334 a
560 2271 726 2335 malivolis
760 2272 830 2357 ipse
861 2292 921 2335 rex
945 2269 1107 2334 Ricardus
1129 2271 1283 2356 nequiter
1294 2276 1428 2327 Malicious

61 2354 112 2405 ⁰⁰¹·
126 2359 198 2404 ²⁴⁰⁰·
230 2373 422 2437 diffamatus
445 2378 495 2437 esi
518 2382 596 2452 quod
614 2399 715 2451 rogem
728 2381 860 2434 Francia}
880 2379 1001 2433 infidus¹
1021 2381 1189 2451 appetisset,
1205 2380 1282 2451 quod
1293 2354 1394 2473 QZ}

231 2475 319 2530 ctiam
339 2474 504 2528 Conradum
516 2473 695 2527 Marcionem
715 2491 767 2543 per
780 2471 938 2526 conductos
957 2471 1078 2527 sicarios
1097 2473 1279 2542 peremisset,
1294 2476 1356 2524 him.

232 2565 262 2614 ct
280 2558 357 2628 quod
376 2577 443 2612 cum
463 2557 601 2612 Saladino
619 2557 655 2610 de
674 2556 837 2627 proditione
855 2555 953 2608 Torrru
973 2555 1087 2611 Sanctm
1106 2557 1281 2620 collusisset,
1294 2554 1313 2602 f·
1325 2558 1357 2603 38
1369 2552 1393 2603 ὂ.

232 2648 319 2713 atque
339 2642 403 2695 idco
431 2641 468 2694 ad
494 2641 666 2711 capiendam
692 2640 795 2693 urbam
824 2656 937 2693 sacram
964 2639 1102 2694 accedero
1130 2641 1283 2694 noluisset.

235 2767 241 2780 .
264 2767 270 2780 .
290 2726 300 2779 ”.
320 2726 450 2779 Tandem
469 2725 574 2794 majori
592 2734 676 2795 parto
696 2724 857 2778 Christ-iani
877 2724 1022 2779 exercitus
1040 2725 1152 2788 morbo,
1173 2724 1282 2794 gladio,

234 2819 341 2882 inedia,
374 2818 481 2872 laboris
519 2817 716 2879 intolerantia,
749 2817 912 2886 absumpta,
953 2815 1128 2894 expectato
1174 2808 1285 2873 redItu

236 2911 381 2974 Huberti
408 2910 660 2974 Sarisburieusis
692 2910 879 2994 episcopia
902 2911 1048 2997 sepulcro
1079 2917 1203 2987 sanct0,
1225 2931 1285 2974 rex

236 3012 397 3076 Ricardus
420 3011 463 3075 ad
486 3011 736 3097 repatriandum
760 3033 794 3074 se
817 3033 1006 3099 praeparaus
1030 3011 1166 3096 Ciprum
1191 3012 1286 3076 navi·

233 3115 335 3200 gavit
382 3122 455 3174 Inde
473 3122 617 3191 praemisit
634 3121 707 3174 dnus
727 3121 855 3190 reginus,
871 3140 990 3177 uxorem
1003 3121 1142 3176 videlicet
1159 3127 1189 3175 et
1207 3139 1285 3176 soro-

234 3245 297 3280 rem
320 3236 423 3289 suam,
442 3240 508 3276 cum
534 3221 614 3274 omni
640 3237 724 3290 paene
744 3220 856 3274 familia
877 3240 939 3286 aua,
967 3238 1062 3291 usquc
1090 3220 1233 3286 Siciliam,
1255 3230 1285 3277 et

237 3317 354 3398 ipsein
372 3314 541 3387 Bouiania,
557 3334 631 3395 quae
655 3318 705 3375 est
727 3311 790 3375 sub
813 3313 959 3379 dominio
975 3315 1182 3398 imperatorie
1199 3313 1285 3380 Con-

234 3415 533 3503 santinopolieuni,
550 3420 584 3478 et
600 3419 713 3498 posteo
729 3413 763 3475 in
780 3412 956 3479 Sclavenia
970 3415 1164 3500 applicabat.
1199 3415 1284 3479 Tan-

213 3542 215 3546 “
234 3523 309 3587 dem
340 3528 411 3582 lenti
435 3525 534 3597 pelagi
559 3525 714 3594 impatiens
736 3523 826 3577 feroci
846 3543 918 3579 aura
937 3525 974 3579 ad
993 3532 1089 3596 partes
1109 3525 1233 3579 Histriae
1254 3526 1284 3579 in
1296 3534 1453 3584 Heisseized

235 3622 402 3694 Aquileiam
416 3628 446 3672 et
457 3618 612 3671 Venetiam
626 3632 692 3669 cum
705 3615 807 3685 paucis
820 3615 960 3686 depulsus
974 3624 1028 3671 cst.
1067 3617 1125 3670 Ubi
1136 3619 1285 3689 aliquanto
1296 3602 1345 3650 ’Μ
1357 3600 1404 3648 5¹¹¹·

235 3715 365 3778 temporc
381 3745 386 3756 .
404 3745 409 3755 .
425 3703 552 3763 latitans,
567 3699 636 3753 dnm
649 3697 707 3752 cibi
726 3716 779 3768 pro
798 3698 848 3752 illo
867 3700 1006 3754 lautiores
1025 3702 1195 3756 emebantur
1206 3706 1285 3755 nota·
1297 3667 1454 3796 ffigffiby

236 3808 284 3855 tus
302 3804 357 3859 est,
378 3802 407 3849 et
426 3794 462 3847 ab
480 3791 646 3847 Imminibus
666 3780 839 3867 Lympoldi
852 3791 935 3846 ducis
948 3791 1076 3847 Austriar
1089 3792 1286 3865 deprehensus
1297 3800 1364 3849 duke
1375 3800 1406 3849 of

236 3899 270 3957 et
285 3888 409 3955 catenis
424 3885 536 3949 ferreis
551 3884 707 3968 alligatus
722 3883 841 3948 carceri
857 3885 1070 3971 mancipatur.
1117 3895 1180 3963 Quo
1193 3894 1287 3948 divul-
1298 3866 1412 3916 Ausuia.

237 4009 315 4074 gato,
342 3989 515 4074 Philippus
537 4013 588 4049 rex
614 3994 792 4047 Francorum
818 3993 981 4049 Iohannem
1004 3987 1105 4072 ipsius
1127 3996 1208 4068 regis
1236 3995 1286 4049 Ri-

237 4102 319 4157 cardi
344 4102 462 4154 fratrem
482 4102 582 4152 contra
603 4086 711 4171 ipsum
736 4137 743 4150 .
767 4135 774 4149 .
798 4136 805 4150 .
829 4095 990 4151 Ricardum
1016 4099 1101 4152 facile
1120 4098 1229 4168 allexit,
1252 4092 1288 4151 eb

238 4193 419 4258 Henricum
432 4194 449 4253 5
461 4199 666 4268 imperatorem
675 4194 887 4249 'l'heutonicum
896 4203 997 4252 contra
1008 4190 1115 4275 ipsum
1127 4200 1288 4259 Ricardum

238 4296 386 4367 captivum
419 4289 582 4361 instigavit.
632 4286 716 4340 Unde
736 4292 766 4341 et
792 4286 959 4357 imperator,
981 4291 1088 4361 pacta²
1117 4311 1184 4348 cum
1214 4298 1287 4352 duce

238 4379 369 4434 Austriae
387 4377 477 4431 tertia
494 4380 576 4444 parto
602 4371 801 4442 provenientis
829 4372 982 4437 commodi,
1008 4393 1110 4447 regem
1128 4377 1287 4435 Ricardum

240 4463 417 4517 dominicum
442 4458 537 4512 adhuc
567 4457 766 4510 characterem
791 4461 954 4525 portantem
985 4458 1015 4512 in
1046 4478 1129 4516 suam
1158 4464 1288 4521 traducit

239 4595 791 4612 ae———.

276 4676 400 4742 :infidffl
414 4675 520 4735 imiffiig,
532 4674 563 4723 R,
576 4673 610 4723 Η,
759 4672 765 4744 Ι
819 4678 830 4703 ¹
837 4674 928 4740 pocla]
942 4682 1025 4740 pactu,
1036 4677 1093 4730 ua.
