3232 5692
519 805 705 856 rnrnrrrus
727 805 836 855 annae
857 805 1043 856 amnuens.
1239 789 1303 858 207

259 978 303 1042 ad
325 978 592 1045 satisfaciendum
614 978 748 1044 domino
771 1001 829 1044 suo
851 979 922 1066 regi
944 979 1076 1065 Angliae
1099 978 1140 1043 de
1161 977 1305 1043 servitiis
1317 997 1385 1051 ΑᾸ).
1399 1002 1470 1051 1174.

260 1079 323 1144 sibi
347 1081 468 1146 debitis
491 1081 531 1146 de
554 1102 656 1169 regno
680 1080 800 1147 Scotiae
824 1079 1036 1165 abantiquo.
1070 1078 1211 1145 Interim
1234 1079 1305 1164 qui-
1318 1093 1448 1160 Theking

260 1181 334 1246 dem
366 1183 476 1250 dictus
499 1184 663 1250 Henricua
697 1205 757 1249 rex
779 1183 912 1270 Angliae
943 1187 1041 1269 pater
1062 1181 1133 1268 regi
1156 1159 1461 1278 Franoiaegssffig

259 1285 327 1349 suia
349 1287 471 1352 litteris
493 1285 679 1374 specialiter
701 1285 883 1362 mandavit,
899 1289 937 1350 nt
960 1283 1028 1349 auis
1042 1284 1164 1350 litteris
1178 1305 1305 1349 reman-
1318 1291 1428 1359 Henry'r

258 1387 336 1452 aare
358 1389 552 1475 dignaretur
574 1389 709 1455 nomina
730 1388 935 1475 angrorum
958 1387 1016 1474 qui
1038 1387 1182 1474 primum
1203 1359 1473 1476 aarum?

258 1512 385 1576 guerrae
415 1492 587 1579 dispendia
617 1492 822 1557 inchoarunt
868 1485 962 1576 Rege
992 1511 1070 1578 ergo
1103 1490 1304 1555 Francorum
1317 1496 1424 1571 meum

257 1593 475 1659 remandante
497 1595 566 1682 regi
589 1593 722 1680 Angliee
748 1592 884 1659 nomina
906 1592 1138 1658 rebellantium
1162 1592 1305 1679 origina-
1316 1570 1417 1676 ἔξω

258 1693 348 1776 lium,
384 1703 419 1762 et
450 1698 556 1783 primo
578 1696 765 1763 Johannem
799 1695 885 1783 regia
918 1693 1034 1774 filium,
1057 1697 1094 1758 2⁰
1127 1694 1305 1760 Ricardum

256 1795 393 1864 fratrem
417 1820 523 1880 suum,
539 1806 573 1865 et
597 1802 633 1864 3⁰
650 1798 833 1875 chrieum
857 1797 943 1884 regia
965 1796 1073 1861 filium
1096 1818 1201 1883 nuper
1215 1818 1304 1863 coro-

257 1904 373 1965 natum
388 1901 591 1982 nominante,
607 1923 667 1966 rex
683 1900 770 1965 diem
794 1904 828 1964 et
850 1900 965 1964 horam
988 1898 1161 1964 maledixit
1182 1899 1219 1964 in
1241 1922 1307 1986 qua

256 2001 342 2068 filios
375 2003 562 2090 hujusmodi
592 2003 800 2090 procreavit.⁴
831 2001 993 2068 Videntee
1016 2023 1093 2089 ergo
1116 2001 1199 2067 dicti
1221 2003 1307 2090 regie
1320 2009 1431 2072 Henry’s

256 2106 320 2172 filii
341 2107 432 2194 quod¹
451 2107 488 2172 in
510 2107 615 2195 ipsius
636 2128 763 2194 guerrae
785 2104 997 2192 expeditione
1019 2110 1091 2170 arte
1106 2105 1161 2169 vel
1174 2105 1307 2192 ingenio
1320 2075 1462 2191 ζξῇῗζξῗ

248 2210 343 2276 vires
365 2211 471 2298 patrie
493 2212 544 2276 eui
566 2211 690 2296 absque
713 2208 839 2274 auxilio
862 2209 948 2296 regie
964 2208 1113 2274 Franciae
1128 2207 1307 2296 infringere
1319 2207 1424 2324 ffliffl
1436 2215 1463 2256 ¹⁰

256 2335 323 2379 non
355 2313 515 2392 valerent,
550 2313 737 2379 Galfridum
770 2311 876 2376 filium
909 2310 1004 2397 regie,
1032 2309 1168 2376 fratrem
1200 2333 1304 2389 auum,
1374 2308 1381 2322 '

254 2416 407 2482 comitem
429 2416 623 2496 Britanniae,
640 2416 687 2480 eis
709 2415 820 2479 minus
843 2435 945 2490 reum,
962 2411 1051 2498 petri
1074 2413 1232 2478 nuntium
1246 2436 1307 2501 pro

256 2519 303 2585 eia
320 2520 489 2596 miserunt,
506 2518 549 2584 ab
564 2539 602 2583 eo
616 2518 759 2605 gratiam
775 2521 810 2581 et
824 2515 1081 2580 misericordiam
1096 2515 1308 2602 postulantes.

257 2623 330 2704 Quo
364 2621 498 2706 quidem
528 2625 706 2700 annuente,
732 2619 802 2705 ipse
834 2617 980 2684 Henrico
1015 2639 1120 2703 nuper
1152 2625 1308 2686 coronato

255 2731 290 2788 et
311 2723 470 2788 fratribus
502 2723 570 2787 suis
601 2722 644 2787 ad
679 2743 754 2787 eum
778 2720 993 2786 venientibus
1015 2720 1160 2805 benigne
1182 2722 1310 2787 miseri·

256 2826 402 2891 cordiam
425 2824 631 2902 concedebat,
654 2828 693 2889 ut
716 2824 779 2910 ipsi
802 2823 921 2888 saltem
943 2844 1005 2908 per
1027 2828 1232 2888 sacramenta
1249 2846 1308 2888 suo

256 2934 290 2992 et
313 2928 436 3014 scripta
458 2950 492 2992 se
514 2927 604 3013 patri
627 2926 813 3013 obligarent
836 2909 1007 3011 n'unquam
1030 2931 1145 2992 contra
1160 2948 1235 2992 eum
1251 2949 1309 3013 per

136 3091 141 3098 .
185 3116 188 3124 ,
257 3035 379 3097 terram
401 3029 456 3096 vel
478 3051 568 3095 mare
590 3050 704 3116 paoem
726 3028 985 3114 perturbaturus.

259 3332 337 3398 Car.
361 3333 454 3400 XIX.
478 3333 527 3399 De
541 3331 769 3400 Roewrnoedu
790 3329 880 3418 repta
903 3330 1116 3412 coenubium
1139 3332 1179 3399 dc
1194 3333 1307 3401 leonae

343 3435 402 3522 qu
416 3435 505 3521 reple
519 3435 662 3515 Scotum
684 3434 725 3500 de
741 3439 846 3501 morte
860 3431 1008 3498 Heorici
1022 3433 1111 3518 eapte
1126 3435 1311 3519 juratoria·-

345 3544 376 3604 et
390 3536 659 3604 deliberantem
678 3535 884 3603 morwatcorb
906 3541 1021 3603 rwetro
1034 3556 1099 3622 per
1113 3536 1309 3605 Heuriowm

345 3661 455 3726 repam
473 3647 610 3728 putrem
631 3639 800 3706 commem.

92 3800 123 3855 R.
135 3801 247 3868 Higden,
293 3808 358 3864 Hae
376 3807 489 3867 autem
504 3811 594 3880 plaga
604 3807 734 3863 biennali
752 3807 801 3864 vix
814 3806 923 3874 sedata,
939 3807 1018 3880 qnod
1034 3799 1149 3866 divina
1171 3802 1309 3870 clemen·
1320 3832 1388 3887 M),
1403 3837 1467 3886 117⁵
1575 3797 1578 3803 Ι

92 3869 226 3923 colatae.
257 3901 306 3967 tia
327 3902 416 3988 apud
439 3893 514 3968 emh
537 3899 734 3987 operabatur
755 3926 814 3964 non
839 3907 947 3964 divinae
970 3908 1153 3967 miserationi
1171 3913 1223 3970 aed
1239 3933 1309 3986 pro·
1319 3904 1411 4029 flpswb

256 4005 321 4077 prio
338 4003 458 4061 brachio
474 4005 530 4060 hoc
548 4003 694 4075 ascripsit.
732 4003 771 4058 Et
795 4002 847 4073 qui
865 4000 987 4069 dudum,
1006 4002 1187 4062 incarcerata
1203 4026 1310 4080 regma

256 4110 359 4155 uxore
382 4105 443 4153 aaa·
461 4097 601 4153 Alienora
632 4086 675 4151 ob
706 4086 903 4152 discordiam
933 4087 1086 4167 filiorum,
1110 4097 1227 4156 adulter
1253 4061 1466 4193 fustffissil

256 4191 398 4257 occultus,
409 4191 472 4261 jam
484 4191 577 4246 factus
596 4197 643 4245 est
659 4189 832 4244 manifestus
850 4189 950 4260 palam
962 4197 992 4245 et
1003 4191 1198 4262 impudenter,
1218 4193 1308 4250 Roua-
1320 4195 1466 4246 concubine.

257 4275 366 4330 munda
391 4275 489 4345 puella
511 4274 643 4329 abutens.
692 4272 774 4329 Huic
798 4289 924 4343 namque
951 4274 1058 4345 puellae
1085 4277 1330 4347 spectatissimae'

257 4361 366 4414 fecerat
391 4376 443 4412 rex
469 4357 546 4429 apud
570 4356 729 4413 Wodcetok
758 4356 903 4412 mirabilia
931 4359 1135 4415 architecturae
1161 4379 1307 4418 cameram

257 4461 345 4514 opere
368 4441 512 4498 daedalino
536 4441 785 4506 consummatam,¹
812 4459 848 4496 nc
876 4441 974 4498 forsan
1002 4460 1020 4498 a
1044 4445 1148 4515 regina
1172 4445 1209 4501 dc
1227 4446 1307 4503 sacili

511 4602 650 4610 ...υ-η
654 4603 679 4608 --
891 4603 963 4609 ——.
967 4605 974 4609 .
980 4603 1305 4612 ..nm——ss

550 4702 774 4769 mmmm]
794 4670 1013 4766 mumao.
1046 4681 1052 4691 '
