3232 5692
324 778 388 852 276
627 790 766 845 monas
787 790 896 843 asam
918 787 1073 844 rannus.

157 980 226 1035 ΑΛ).
239 988 310 1035 119⁴.
323 968 360 1027 do
378 970 517 1027 comitatu
528 968 560 1023 in
571 969 740 1025 comitatum
752 967 843 1024 donce
860 967 1027 1040 pervenerit
1037 964 1075 1022 nd
1085 981 1192 1039 aquam
1203 965 1241 1022 de
1252 964 1372 1032 'Parada

324 1062 355 1111 ct
371 1054 491 1111 habebit
508 1052 639 1124 quotidie
658 1052 794 1110 similitor
812 1058 929 1110 centum
946 1050 1055 1109 solidos
1071 1067 1127 1123 pro
1143 1050 1317 1108 liberatione
1335 1049 1375 1106 de

323 1140 412 1196 bursa
429 1137 511 1210 regia
527 1137 654 1210 Angliae.

325 1427 405 1496 Ora
429 1426 536 1492 XXV.
581 1425 631 1491 De
656 1429 761 1491 morte
782 1422 882 1491 aaa
906 1423 1087 1505 Auditum
1109 1423 1149 1491 dc
1172 1423 1372 1495 liberatione

413 1527 569 1596 obsutum
583 1525 671 1613 repta
692 1524 867 1605 auarum
889 1524 929 1591 de
955 1531 1059 1592 morte
1082 1524 1230 1594 Hcacict
1251 1528 1371 1616 quint-i

412 1629 657 1717 imperatorin
681 1635 710 1695 ct
725 1627 765 1695 cle
786 1626 900 1695 causas
919 1627 1013 1696 ceule
1026 1648 1087 1697 ree
1100 1628 1276 1698 Riecrdes
1297 1653 1368 1699 cor·

411 1732 533 1800 rectior
553 1730 649 1802 uiuit.

156 1885 225 1939 Aa).
239 1892 312 1942 nea
369 1880 528 1947 Ricardus
558 1901 627 1960 rex,
658 1885 732 1967 post
770 1877 1014 1944 coronationem
1050 1899 1144 1944 suam
1178 1880 1214 1945 in
1245 1883 1370 1970 Anglia

155 1965 268 2101 {im
323 1982 565 2071 aliquantulum
588 1982 770 2061 demorans,
786 1978 1026 2046 Normanniam
1048 1982 1232 2069 navigavit,
1253 1991 1370 2051 eontra

156 2115 239 2166 euve.
322 2086 512 2173 Philippum
535 2106 644 2173 regem
668 2081 817 2148 Francicu
839 2080 1040 2163 bellatums;
1071 2084 1126 2169 qui
1151 2085 1182 2150 ei
1205 2083 1369 2153 Norman·

155 2181 296 2298 (lm-0&
321 2188 412 2253 niam
427 2185 622 2253 debellando
645 2206 722 2250 suas
737 2183 890 2249 civitates
912 2189 947 2249 et
961 2184 1096 2251 castella
1117 2185 1240 2273 injuste
1262 2189 1370 2255 aufer-

154 2316 257 2379 munuy.
322 2290 406 2355 ebat.
462 2286 701 2372 Obsidentique
731 2284 800 2373 regi
831 2282 1032 2351 Francorum
1057 2287 1127 2373 jam
1158 2311 1216 2377 pcr
1247 2294 1267 2354 8
1298 2291 1369 2357 dies

320 2398 464 2457 castrum
501 2387 711 2465 Vernolense,
756 2391 791 2452 et
828 2385 864 2451 in
902 2385 958 2451 die
1002 2394 1115 2455 sancto
1160 2390 1369 2459 Pentecostes

320 2493 463 2557 arsiones
485 2496 520 2557 et
542 2489 646 2578 spolia
667 2487 774 2553 multa
796 2488 1012 2574 perpetranti,
1027 2511 1088 2555 rex
1111 2490 1271 2559 Ricardus
1292 2517 1367 2583 pro-

320 2593 504 2683 pinquavit.
561 2590 663 2676 Cujus
695 2589 878 2655 adventum
908 2591 1110 2677 comperiens
1137 2615 1196 2659 rex
1219 2595 1367 2665 Francia

320 2698 356 2761 in
378 2695 523 2761 erastino
546 2694 755 2760 Pentecosten
777 2691 854 2756 inde
884 2690 1014 2779 fugiens
1043 2693 1080 2758 in
1109 2696 1242 2783 regione
1263 2698 1365 2766 Ture·

320 2799 415 2864 nensi
438 2818 538 2885 prope
561 2795 757 2861 Vendonam
779 2793 925 2859 tentoria
945 2795 1029 2862 fixit.
1076 2796 1182 2878 Quem
1205 2800 1365 2868 Ricardus

320 2900 398 2966 illuc
421 2900 587 2965 insecutus
609 2895 736 2985 regredi
759 2900 794 2961 et
823 2900 968 2961 cestrum
990 2897 1031 2963 de
1054 2898 1150 2965 Valle
1172 2900 1292 2970 Fracto
1313 2904 1364 2969 in·

319 3002 412 3091 gredi
442 2998 667 3087 compellebat
714 2997 821 3078 Quem
848 3018 952 3084 usque
975 2999 1018 3063 ad
1040 3005 1183 3068 castrum
1206 3004 1256 3071 ita
1277 3026 1364 3073 acer·

319 3105 402 3169 rime
440 3101 675 3188 insequebatur
712 3099 799 3186 quod
825 3098 897 3185 ejus
933 3100 1085 3189 coniugia,
1117 3112 1267 3187 careotas,
1291 3114 1364 3174 ten.

318 3208 413 3284 toria,
436 3206 637 3283 thesaurum,
661 3201 829 3280 victuadia,
861 3207 896 3268 et
927 3202 993 3268 alio
1022 3225 1082 3270 suc
1111 3211 1292 3275 necessaria
1320 3213 1363 3278 ad

153 3319 278 3371 acathos
318 3315 462 3375 castrum
501 3304 682 3383 tendentia,
720 3302 945 3390 apprehendit.
982 3304 1143 3373 ›Interim
1181 3332 1259 3378 vero
1290 3336 1362 3381 curn
1377 3321 1533 3391 &Brumae

152 3386 270 3503 fflffl’
318 3411 480 3477 Ricardus
502 3430 562 3474 rex
584 3406 709 3494 viginti
739 3427 806 3471 una
838 3405 943 3470 millia
972 3429 1157 3476 marearum
1181 3412 1256 3480 duci
1279 3417 1364 3483 Aua·
1377 3389 1424 3439 ⁰⁰¹·
1441 3397 1514 3444 ¹²⁶¹·

152 3519 265 3571 nursia
318 3513 392 3579 triac
414 3533 473 3599 pro
495 3532 563 3576 suae
585 3508 822 3594 redemptionis
842 3507 971 3574 residuo
994 3521 1218 3599 praeparasset,
1235 3517 1363 3586 obsides

319 3636 399 3700 quos
414 3612 505 3700 apud
528 3612 636 3698 ipsum
654 3608 769 3675 ducem
786 3608 957 3676 dimiserat
970 3612 1081 3679 subito
1101 3629 1362 3704 comparuerunt,

318 3716 494 3782 referentes
517 3718 697 3800 tyrannum
720 3710 816 3776 illum
846 3710 953 3777 divini
979 3713 1097 3799 judicii
1120 3720 1262 3806 pondere
1285 3726 1361 3791 sub·

318 3839 458 3896 versum,
480 3822 670 3900 terramque
699 3813 769 3898 ejus
799 3818 878 3879 ante
907 3815 1037 3882 obitum
1067 3834 1163 3886 suum
1186 3824 1361 3913 multiplici

318 3920 445 4008 flagello
468 3918 629 3995 attritam
645 3916 744 3982 urbes
766 3921 901 4003 repente
923 3919 1148 4007 conflagratus,
1170 3924 1360 3995 Danubium

318 4024 457 4089 fluvium
480 4043 556 4086 cum
586 4018 694 4084 multa
719 4018 851 4105 jactura
880 4017 962 4086 fines
992 4043 1068 4088 suos
1100 4026 1214 4108 exisse,
1237 4031 1362 4096 semina

313 4126 442 4212 jactata
471 4122 603 4189 aruisse.
663 4119 729 4202 Qui
760 4121 876 4201 denuo,
899 4122 952 4189 die
980 4124 1097 4193 Sancti
1123 4127 1296 4218 Stephani,
1319 4135 1362 4199 ad

319 4247 450 4315 campos
472 4223 636 4312 equitans,
663 4223 713 4290 ita
734 4223 851 4312 pedem
873 4225 1008 4292 attrivit
1036 4234 1084 4310 ut,
1107 4232 1189 4318 pede
1211 4235 1361 4318 abscisso,

317 4332 353 4396 in
376 4335 515 4395 mortem
547 4327 746 4413 desperatus,
773 4348 879 4393 eoram
903 4329 1120 4415 optimatibus
1144 4336 1212 4402 auis
1239 4338 1282 4404 ab
1305 4361 1362 4404 ex·

318 4428 623 4499 communicationis
645 4429 777 4495 vinculo
801 4451 835 4495 so
865 4436 993 4518 peteret
1022 4433 1158 4502 absolvi.
1217 4439 1362 4527 Respon-

317 4557 388 4601 sum
412 4538 463 4599 est
484 4531 514 4598 ei
546 4551 623 4618 crgo
646 4551 665 4594 a
686 4528 772 4596 clero
801 4531 863 4596 hoc
892 4532 964 4599 fieri
995 4554 1062 4599 non
1086 4558 1188 4623 posse,
1212 4540 1277 4607 nisi
1299 4543 1361 4609 sub

311 4638 501 4724 juramento
535 4633 690 4700 canonico
724 4632 812 4719 quod
839 4654 937 4723 super
965 4634 1096 4723 injuriis
1126 4640 1266 4710 Rieurdo
1291 4646 1362 4733 regi
