3232 5692
332 740 397 804 254
632 756 773 806 rsonae
796 755 905 806 Annas
927 758 1081 809 remma

162 935 233 986 nn.
247 942 317 988 rroo.
333 925 493 991 Ricardus
515 948 574 992 rex
597 928 678 992 duas
701 929 902 1016 propinquas
924 929 1059 1009 insulas,
1082 951 1183 995 unam
1217 953 1239 996 a
1272 927 1390 995 Sarra·

332 1029 421 1095 cenis
454 1029 590 1095 alteram
614 1053 635 1094 a
657 1030 780 1096 Graecis
812 1039 993 1120 occupatas,
1016 1033 1238 1119 conquirebat,
1262 1039 1298 1098 st
1331 1054 1389 1099 eas

164 1126 286 1243 'fuecip-
332 1130 498 1198 Jolrannae
520 1132 623 1197 sorori
638 1154 706 1198 suae
729 1134 921 1221 assignavit
968 1134 1066 1202 Cives
1087 1142 1200 1200 autem
1223 1136 1387 1201 Mesene

164 1206 313 1323 beblbrlll
332 1234 487 1311 civitatis,
511 1234 632 1298 famam
665 1234 798 1300 Ricardi
832 1236 1014 1315 audientes,
1047 1236 1240 1302 advenienti
1271 1240 1387 1323 portas

164 1328 275 1444 {md
332 1335 530 1413 clauserunt,
552 1358 594 1402 ne
616 1338 788 1404 civitatem
812 1360 885 1404 cum
909 1339 976 1403 suis
990 1339 1152 1405 introiret.
1197 1337 1303 1426 Super
1318 1359 1387 1426 quo

279 1433 284 1444 '
331 1458 389 1503 rex
412 1437 572 1504 Ricardus
603 1440 743 1505 nimium
773 1441 879 1505 iratus
909 1441 971 1505 sub
1004 1445 1207 1506 sacramento
1239 1438 1387 1506 vovebat

333 1541 444 1626 ipsum
467 1540 670 1608 Tancredum
697 1564 807 1630 regem
831 1542 955 1609 Sieiliae
982 1542 1234 1623 debellatumm,
1257 1543 1286 1607 si
1308 1562 1385 1629 pro·

332 1643 474 1709 terviam
497 1644 619 1708 civium
642 1645 786 1731 ipsorum
809 1667 876 1709 non
893 1645 1091 1723 refmenaret,
1108 1651 1143 1710 et
1158 1645 1385 1710 executionem

333 1747 527 1812 testamenti
551 1747 631 1812 dicti
663 1747 833 1811 Willielmi
865 1748 1032 1833 quondam
1055 1747 1141 1834 regis
1164 1747 1284 1813 Siciliae
1307 1768 1385 1811 con-

332 1848 517 1914 cernentis¹
542 1849 565 1914 J
567 1849 731 1914 channam
763 1869 905 1914 sororem
939 1870 1031 1913 suam
1062 1871 1128 1913 non
1151 1849 1324 1936 suppleret,
1349 1854 1386 1913 et

333 1951 374 2016 de
398 1952 473 2016 dote
496 1951 599 2038 ipsius
621 1951 644 2014 J
646 1951 784 2016 obannae
806 1950 942 2015 minime
965 1951 1164 2037 provideret
1220 1958 1384 2015 Castellum
1396 1956 1429 2007 R
1441 1956 1562 2023 aigun,

333 2071 404 2124 orgo
422 2054 555 2125 ligneum
574 2060 605 2109 ot
621 2053 766 2123 portabile
793 2061 894 2108 contra
920 2053 1070 2108 civitatem
1095 2051 1260 2107 Messanam
1278 2050 1382 2116 erexit,
1396 2024 1445 2075 ⁰⁰L
1457 2030 1537 2076 ²⁴⁰⁴·

332 2137 410 2209 quod
422 2144 453 2192 et
464 2138 668 2209 motagriphon
681 2137 847 2209 appellavit.
869 2135 932 2206 Quo
944 2136 1062 2209 quidem
1075 2137 1267 2192 instrumento
1278 2134 1383 2189 urbem

332 2229 440 2284 Acrem
469 2230 655 2301 postmodum
685 2231 771 2300 cepit.
830 2220 998 2285 Mediante
1036 2226 1147 2284 autem
1184 2218 1271 2283 inter
1300 2217 1382 2282 duos

333 2343 425 2408 reges
449 2321 580 2407 Angliae
613 2329 648 2386 et
680 2322 802 2387 Sicilire
834 2344 910 2410 rege
943 2322 1092 2387 Franoiae
1127 2321 1185 2387 sed
1207 2322 1288 2401 fute,
1321 2341 1382 2384 rex
1394 2327 1464 2407 Ber,

334 2423 519 2488 Tancredus
556 2423 677 2510 reginae
709 2424 732 2489 J
735 2425 874 2491 ohannae
912 2425 953 2490 de
991 2424 1067 2488 dote
1097 2447 1158 2488 sua
1190 2422 1383 2488 satisfecisse
1394 2395 1492 2525 {⁶¹⁶¹}ss

165 2541 282 2621 Terma-
334 2525 588 2610 protostabatur.
635 2526 718 2604 Qum
751 2528 852 2591 etiam
887 2527 948 2591 hoo
981 2526 1147 2590 affirmans
1181 2523 1383 2612 proponebat
1395 2540 1422 2591 J.
1433 2539 1556 2605 Brompr.

166 2610 313 2727 {mgb
335 2626 476 2691 cundem
498 2626 701 2691 Tancredum
725 2628 789 2714 ipsi
811 2630 881 2714 regi
897 2627 1037 2693 Ricardo
1052 2628 1147 2692 fratri
1171 2648 1230 2691 suo
1252 2626 1293 2691 de
1315 2647 1382 2690 uno
1395 2606 1443 2657 eol
1459 2611 1535 2658 ¹¹⁸⁸·

335 2727 510 2814 papilione,
534 2749 602 2792 una
624 2729 760 2793 mensali
791 2729 906 2794 tabula
939 2751 1013 2794 oum
1037 2730 1185 2815 tristegis
1207 2729 1321 2805 aureis,
1346 2735 1381 2793 et

335 2830 409 2895 aliis
444 2831 532 2895 vasis
564 2832 729 2917 argenteio
751 2839 785 2896 et
806 2832 980 2908 deauratis,
1013 2852 1089 2917 quse
1112 2831 1220 2897 dictus
1242 2830 1380 2894 Williel·

335 2954 409 2996 mus
442 2932 609 3018 quondam
643 2954 703 2997 rex
737 2932 858 2998 Sicilire
892 2934 997 2998 eidem
1022 2933 1161 2998 Ricardo
1183 2931 1380 2998 decumbens

335 3033 511 3120 legaverat,
534 3033 634 3099 fuisse
656 3034 848 3100 debitorem.
904 3035 1050 3113 Quorum
1074 3035 1222 3099 omnium
1244 3034 1381 3098 Tancre-

335 3136 397 3200 dus
412 3158 470 3201 rex
494 3157 528 3200 se
551 3136 732 3201 debitorem
755 3158 994 3223 recognoscens,
1020 3142 1062 3201 40
1085 3138 1199 3201 uncias
1222 3137 1293 3200 auri
1312 3135 1382 3222 regi

337 3237 479 3303 Ricardo
501 3239 636 3324 insuper
670 3240 848 3325 erogabat3
880 3239 928 3304 ita
959 3238 1072 3303 saltem
1098 3239 1185 3324 quod
1215 3238 1383 3303 Arthurus

336 3340 425 3404 filius
460 3346 493 3404 ot
527 3340 620 3404 heres
651 3341 792 3405 Galfridi
823 3342 954 3405 comitis
978 3341 1169 3416 Britanniae,
1191 3340 1302 3404 fratris
1325 3339 1383 3403 Ri-

336 3442 434 3514 cardi‚
456 3441 557 3505 filiam
581 3442 685 3527 ipsius
707 3442 864 3507 Tancredi
888 3442 974 3529 regis
1007 3442 1140 3507 duceret
1171 3443 1207 3506 in
1238 3462 1382 3508 uxorem.

338 3542 548 3628 Quapropter
585 3544 653 3628 ipse
700 3543 861 3609 Ricardus
898 3544 975 3608 lecit
1020 3545 1160 3609 cundem
1197 3544 1382 3608 Arthurum

337 3644 491 3708 heredem
525 3666 621 3708 suum
656 3646 681 3708 si
714 3646 837 3730 absque
875 3646 988 3710 liberis
1021 3646 1220 3723 decessisset,
1255 3668 1312 3732 pro
1344 3667 1382 3709 eo

337 3745 422 3831 quod
448 3746 536 3809 lilius
560 3751 594 3809 et
616 3746 710 3810 heres
732 3747 835 3833 ipsius
870 3747 1011 3812 (lalfridi
1034 3749 1178 3813 secundo
1200 3755 1276 3835 post
1306 3769 1381 3812 eum

337 3849 407 3912 nati
430 3847 606 3912 extitisset.

625 4178 632 4207 ¹
649 4176 825 4242 consensuris]
845 4179 1025 4237 concemendo,
1038 4176 1094 4227 MS.
