3232 5692
364 754 429 818 266
668 766 808 815 rrimus
830 766 939 815 annas
960 768 1114 819 ruarmo.

195 939 263 991 Μ).
279 946 349 991 ¹¹⁹2·
362 936 527 1001 exereitus
548 935 673 1012 divisis,
695 956 799 998 unurn
821 936 1002 999 exereitum
1025 935 1153 1001 ouidarn
1176 938 1279 1003 militi
1304 937 1437 1025 probo,
1531 982 1536 987 -

362 1038 503 1103 alterurn
543 1038 679 1123 Hugoni
730 1036 932 1121 Burgundiae
971 1037 1045 1103 duci
1085 1038 1302 1126 Franoigenin
1341 1045 1437 1107 tuno

363 1140 547 1203 dominanti
581 1138 756 1215 commisit,
779 1144 814 1201 et
836 1138 973 1203 tertium
990 1139 1125 1225 ipsimet
1138 1148 1174 1205 et
1192 1142 1264 1228 regi
1291 1140 1434 1208 Ieroeo·

363 1242 515 1306 limorum
539 1248 578 1306 ut
608 1240 718 1305 decuit
748 1261 929 1315 reservans,
961 1248 1001 1305 ut
1034 1240 1175 1306 fluvium
1197 1244 1436 1329 pertransiret

363 1342 490 1407 viribus
522 1342 751 1406 contendebat.
807 1341 853 1405 Et
885 1364 960 1405 eum
996 1342 1118 1406 bellurn
1150 1366 1225 1409 oum
1256 1346 1432 1413 Saladino

361 1445 631 1518 committeretur,
653 1443 875 1529 quadraginta
896 1442 1043 1507 millibus
1058 1444 1314 1511 Sarraoenorum
1339 1449 1432 1513 eooi-

362 1546 407 1610 eia
430 1551 464 1610 et
488 1547 521 1609 in
537 1544 639 1609 fluvio
661 1544 846 1621 submersis,
871 1545 939 1630 ipae
962 1545 1055 1609 miles
1077 1548 1200 1631 probus
1222 1549 1293 1613 dux
1319 1550 1430 1635 primi

363 1647 527 1712 exereitus
550 1648 672 1711 occisus
695 1654 752 1709 est.
812 1646 972 1711 Rieunlus
995 1668 1073 1711 vero
1108 1648 1178 1733 ejus
1201 1658 1346 1715 mortem
1372 1674 1429 1718 re-

361 1770 556 1835 cognoscens
579 1749 614 1811 in
638 1747 833 1812 Saludinum
857 1748 964 1832 ipsum
997 1747 1152 1826 irruebat,
1175 1754 1209 1814 et
1232 1773 1310 1815 euru
1336 1774 1429 1838 prae-

361 1851 503 1936 cipitans
539 1850 597 1914 sed
636 1850 770 1913 tarnlern
814 1849 1013 1913 relevantem
1050 1851 1173 1915 urotiuu
1211 1854 1427 1939 profugabut

362 1952 502 2015 Interirn
541 1952 651 2027 etiarn,
698 1952 767 2015 dux
812 1951 1016 2037 Burgundiae
1052 1974 1126 2017 eum
1164 1953 1363 2040 Tenrplariis
1403 1979 1429 2022 a

362 2054 551 2118 Sarruoenie
574 2054 664 2118 tertii
688 2055 851 2118 exereitus
874 2054 908 2117 in
932 2052 1070 2117 fluvium
1093 2055 1245 2139 depressi,
1268 2057 1426 2123 elamori-

361 2156 465 2219 busa
488 2155 627 2220 lliearde
650 2156 811 2219 auxilium
842 2155 1066 2240 implorarunt.
1114 2156 1273 2220 Rieardrru
1294 2180 1377 2245 ergo
1401 2182 1426 2224 u

361 2258 529 2345 fugatione
564 2256 711 2321 Saladini
751 2259 793 2322 ad
833 2264 962 2342 ternpus
993 2256 1181 2343 regrediens
1218 2259 1335 2323 ducem
1374 2260 1423 2327 ab

362 2361 505 2446 impulsu
527 2359 778 2424 Sarrae-enorum
801 2359 965 2433 liberavit,
989 2364 1024 2422 et
1047 2359 1181 2423 tandem
1197 2360 1304 2445 ipsum
1322 2360 1423 2427 Sala·

361 2463 476 2527 diuum
499 2462 620 2526 iterum
647 2462 813 2525 insecutus
840 2461 876 2523 in
901 2467 1060 2523 montana
1090 2460 1187 2527 Siriae
1216 2464 1422 2549 profugavit.

362 2564 404 2628 In
426 2585 491 2650 quo
514 2564 599 2627 bello
626 2562 716 2627 inille
747 2571 782 2626 et
806 2584 884 2627 coeo.
911 2562 1176 2628 Christianorum
1200 2568 1337 2631 fuerunt
1365 2567 1421 2632 in·

362 2667 527 2752 terompti.
592 2665 693 2729 Facto
715 2672 825 2729 autern
850 2665 970 2749 proeli0,
996 2664 1156 2729 Ricardus
1185 2688 1244 2731 rex
1274 2668 1417 2755 Joppen,

362 2769 548 2847 Canariam,
579 2768 783 2843 Asellonam,
800 2766 974 2843 Nazareth,
992 2767 1107 2839 Culleo,
1123 2768 1317 2845 Currnolurn,
1332 2772 1418 2836 eivi-

362 2880 512 2957 tatesquo
536 2876 570 2935 et
593 2871 740 2956 regiones
763 2869 932 2956 plurimae,
955 2870 1135 2953 occupavit.

361 3136 439 3197 liar.
459 3130 553 3195 XXI.
580 3129 625 3193 Ile
640 3127 795 3213 raptione
812 3124 960 3189 canalia·
976 3124 1161 3203 Sul‹rcliui;
1178 3124 1218 3189 ‹le
1236 3125 1415 3195 intrarione

450 3233 538 3315 repta
555 3230 711 3295 Fruncr'w
730 3229 768 3293 in
781 3227 1037 3292 ll'ormunnium
1053 3233 1082 3291 et
1097 3226 1273 3293 Jobuuuia
1282 3230 1416 3314 fratria

451 3336 539 3418 repis
571 3332 715 3397 litandi,
742 3330 780 3395 iu,
804 3329 1002 3411 rluple'uraq
1026 3336 1055 3391 el
1080 3329 1206 3409 innupla
1233 3330 1305 3395 ideo
1335 3354 1416 3419 oup-

449 3438 494 3502 tia
517 3437 608 3501 iulet·
631 3456 739 3519 repent
764 3431 956 3496 Rr'mrrdunt
979 3438 1008 3496 et
1032 3428 1250 3498 bilaritatem.

193 3598 306 3647 lticharu
407 3594 452 3657 Et
467 3591 608 3676 ‹prrnlarn
632 3591 684 3653 die
708 3611 766 3652 rex
783 3588 942 3651 Ricardua
963 3610 1035 3651 curu
1062 3596 1079 3649 5
1104 3588 1249 3651 millibus
1264 3590 1412 3654 virorum

193 3674 320 3781 {mig}
361 3697 537 3761 electorum
559 3692 699 3755 occurrit
722 3690 864 3754 urrneliur
882 3689 1039 3761 Salarlini,
1055 3713 1152 3775 quarn
1170 3691 1318 3755 undecim
1336 3693 1416 3755 mil·-

194 3799 259 3847 ¹r=¹⁵¹¹
272 3800 303 3847 of
361 3800 407 3863 lia
422 3817 622 3884 paganorum
644 3794 874 3857 coruluxerunt
890 3792 930 3855 de
946 3792 1103 3855 Babilone
1128 3793 1161 3855 in
1180 3793 1409 3858 lerosoliuram.

191 3866 292 3915 carrula.
362 3901 490 3981 Quibus
521 3897 660 3962 devietis
690 3904 724 3959 et
754 3895 936 3959 interfectis
974 3895 1079 3980 spolia
1113 3917 1223 3958 eorum
1258 3896 1411 3981 presedit,

360 4004 463 4089 ruptis
494 4001 600 4065 tribua
630 3998 774 4062 millibus
805 3998 1000 4060 carnelorurn
1031 4004 1066 4060 et
1095 4006 1237 4081 ‹pratuor
1266 3998 1411 4064 millibus

360 4127 516 4190 equorum
533 4108 568 4167 et
583 4102 754 4177 mularum,
779 4101 924 4183 exeeptis
947 4100 1134 4163 interlectia
1170 4102 1277 4164 Aiunt
1299 4109 1410 4167 autern

360 4208 493 4292 quidam
510 4204 597 4289 (pred
621 4211 743 4289 septem
773 4202 874 4264 millia
902 4202 1096 4265 carnelorurn
1120 4202 1280 4266 thesauris
1303 4212 1337 4267 et
1362 4204 1411 4269 di-

361 4311 453 4373 vitiis
480 4316 671 4372 onustorum
699 4303 847 4367 bellando
879 4304 1083 4390 perquisivit,
1108 4329 1285 4390 uarumque
1308 4308 1411 4393 spolia

361 4435 420 4477 sua
444 4410 641 4473 liberalitate
666 4429 724 4491 per
750 4407 939 4468 universum
966 4408 1145 4469 exereitum
1170 4409 1352 4488 ‹liridebat
1376 4418 1411 4475 et

360 4514 495 4578 tandem
519 4512 553 4574 in
579 4512 698 4572 Aerarn
721 4528 795 4571 curn
826 4508 907 4570 <luce
940 4507 1139 4591 llurgurnliru
1165 4509 1337 4574 vulnerato
1360 4534 1411 4576 re-

360 4616 504 4703 pedavit.
552 4612 622 4675 Nec
659 4618 770 4674 taran
808 4609 915 4673 adhue
954 4608 1176 4673 lerosolirnurn
1211 4614 1409 4696 properavit
