3256 5692
373 813 416 878 92
698 827 798 878 annu
819 827 928 879 nnnns
950 827 1093 879 ramus.

341 995 456 1063 ‘filias
476 999 669 1085 procreavit.
714 997 861 1079 Quarum
895 1019 963 1063 una
996 996 1124 1085 sepulta
1156 1001 1207 1064 est
1228 996 1266 1062 in
1286 995 1420 1084 presby·

369 1100 452 1165 terio
483 1106 603 1178 nostro,
634 1106 668 1167 et
700 1101 758 1165 alii
787 1100 928 1166 divorsis
960 1099 997 1164 in
1028 1100 1109 1167 locis
1138 1098 1210 1165 sine
1243 1098 1420 1165 heredibus

371 1224 413 1266 ex
435 1203 482 1266 eis
504 1201 706 1287 procreatis.l
768 1201 833 1267 Sed
857 1223 925 1267 una
954 1223 1077 1281 earum,
1100 1200 1246 1266 Avelina
1277 1202 1419 1280 nomine,

371 1325 445 1388 quae
475 1304 545 1368 sola
586 1303 691 1368 tunc2
732 1309 906 1391 superstes,
941 1303 1021 1368 data
1053 1309 1104 1369 est
1136 1302 1315 1369 Edmnndo
1351 1302 1420 1368 filio

370 1405 456 1492 regis
493 1405 629 1471 Hernici
662 1406 754 1472 tertii
788 1406 825 1471 in
857 1427 1004 1471 uxorem.
1037 1404 1236 1472 Willielmus
1268 1426 1349 1471 vero
1379 1405 1420 1470 de
1495 1391 1498 1398 ¹

372 1506 530 1572 Fortibus
562 1508 683 1573 tertius
716 1514 868 1574 mortuus
901 1513 959 1574 est
1021 1507 1182 1573 Similiter
1214 1512 1250 1572 et
1276 1505 1421 1572 Avelina

289 1656 293 1664 -
370 1609 440 1674 filia
477 1632 537 1675 sua
575 1616 610 1675 et
647 1611 748 1691 hereo,
786 1632 872 1676 uxor
910 1610 1080 1675 Edmundi
1113 1609 1305 1696 supradicti,
1337 1608 1422 1675 obiit

204 1720 334 1771 Theoni-
370 1714 440 1778 sine
456 1712 574 1778 herede
601 1712 711 1800 aliquo
734 1713 775 1778 de
797 1735 929 1799 corpore
944 1735 1004 1778 suo
1026 1717 1203 1800 procreato.
1238 1712 1286 1777 Et
1307 1711 1364 1794 sic,
1379 1710 1422 1777 ob

161 1886 163 1891 ,
204 1788 350 1903 ffiffiffle
371 1814 534 1880 defectum
571 1814 739 1893 heredum,
774 1814 864 1880 fuit³
909 1815 1085 1880 comitatus
1127 1812 1338 1880 Albemarliae
1387 1819 1424 1879 et

203 1920 346 1970 muhonor
371 1917 475 1983 honor
508 1917 549 1982 de
581 1916 801 1983 Holdernesse
828 1916 940 1982 scisiti
963 1918 1000 1981 in
1023 1938 1142 1982 manus
1164 1915 1293 1982 domini
1313 1916 1423 2004 regis⁴

204 1986 349 2103 ssifflfr'
372 2019 439 2085 Sed
469 2024 581 2085 tamen
611 2019 795 2084 dominium
834 2020 875 2084 de
906 2018 1148 2085 Holdemesse⁵
1185 2041 1277 2106 reges
1314 2040 1423 2084 succe-

205 2121 285 2170 20t¹¹0
372 2122 513 2187 dentes⁰
535 2144 624 2187 nunc
647 2123 706 2186 uni
728 2143 816 2187 nunc
839 2121 944 2201 alteri,
959 2121 1002 2186 ad
1024 2121 1204 2186 terminum
1226 2121 1307 2187 vitae
1330 2119 1423 2201 suasi,⁷
1497 2170 1500 2175 -

204 2201 359 2315 {Ques
372 2247 430 2311 pro
466 2225 566 2290 libitu
604 2229 841 2289 concesserunt.
887 2222 1057 2288 ⁸Tandem
1088 2245 1148 2288 rex
1179 2223 1339 2296 Ricardus
1373 2245 1424 2289 se·

173 2319 176 2324 '
253 2333 349 2382 nauto
372 2327 496 2392 nundus
530 2349 552 2391 a
581 2331 782 2412 conquaestu,
815 2325 873 2390 xii.
905 2325 959 2390 die
990 2325 1015 2391 J
1017 2325 1096 2402 unii,
1127 2347 1215 2390 anno
1244 2326 1339 2413 regni
1370 2326 1423 2391 sui

206 2397 324 2513 dfflss'
372 2429 452 2506 xiii,
492 2428 585 2494 dedit
622 2429 748 2493 dietum
786 2427 969 2493 dominium
1007 2428 1048 2494 de
1083 2427 1313 2506 Holderncsse,
1347 2450 1423 2494 cum

205 2529 313 2581 Glosoer.
372 2530 525 2595 omnibus
547 2531 715 2610 membris,
729 2510 842 2595 ⁸feodis
864 2529 1020 2610 militum,
1036 2529 1308 2596 advocationibus
1323 2529 1424 2597 eccle·

371 2633 502 2711 siarum,
533 2633 749 2710 abbatiarum,
781 2632 995 2718 prioratuum,
1027 2637 1062 2696 et
1103 2632 1176 2697 aliis
1212 2633 1425 2718 pertinentiis

371 2734 447 2813 suis,
469 2735 506 2798 in
529 2755 724 2819 quocunque,
753 2732 824 2798 loco
856 2735 950 2799 etin
980 2755 1174 2820 quoeunque
1196 2733 1293 2799 modo
1315 2734 1424 2800 eidem

370 2836 604 2922 spectantibus,
627 2835 760 2900 domino
791 2835 925 2901 Thomae
957 2837 1032 2901 duci
1066 2835 1286 2914 Gloucestriae,
1308 2837 1424 2903 comiti

371 2941 411 3004 de
439 2940 543 3005 Essex
566 2946 600 3004 et
631 2939 672 3003 de
699 2937 930 3024 Bokyngham,
953 2939 1197 3004 constabulario
1218 2939 1361 3026 Angliae,
1384 2961 1424 3005 ac

370 3041 439 3106 filio
462 3042 549 3128 regis
579 3040 738 3106 Edwardi
760 3041 853 3105 tertii
883 3064 904 3105 a
933 3047 1131 3127 conquaestu,
1156 3042 1319 3108 avunculo
1342 3063 1422 3122 suo;

371 3145 458 3229 quod
481 3143 664 3208 dominium
686 3143 786 3207 Anna
808 3143 922 3229 regina
948 3143 1060 3207 tenuit
1082 3143 1124 3208 ad
1147 3145 1327 3209 terminum
1342 3143 1423 3208 vitae

370 3269 461 3324 snee3
499 3246 680 3312 tenendum
718 3246 806 3311 dicto
852 3245 987 3311 Thomae
1024 3246 1100 3310 duci
1122 3251 1157 3311 et
1179 3246 1354 3312 heredibus
1383 3245 1425 3312 dc

370 3371 502 3434 corpore
540 3370 598 3413 suo
629 3349 837 3424 exeuntibus,
873 3370 931 3434 per
961 3348 1098 3413 servitia
1133 3348 1210 3414 inde
1247 3348 1361 3415 debita
1388 3353 1425 3413 et

370 3456 541 3529 consueta,¹
559 3451 808 3535 imperpetuum,
830 3450 866 3513 in
898 3450 1042 3514 valorem
1075 3457 1303 3516 sexcentarum
1324 3450 1426 3516 libra·

370 3572 444 3628 rum
470 3571 684 3635 perannum,
720 3550 757 3614 in
787 3556 915 3636 partem
950 3552 1123 3616 solutionis
1153 3553 1242 3617 mille
1264 3552 1424 3617 librarum

370 3673 563 3728 annuarum,
613 3673 672 3737 per
721 3650 847 3716 dictum
884 3674 994 3738 regem
1035 3653 1141 3718 eidem
1181 3654 1258 3720 duci
1290 3655 1424 3722 domino

371 3753 514 3830 Theman,
550 3774 610 3838 pro
648 3757 739 3818 statu
776 3775 834 3818 suo
873 3755 1002 3820 comitis
1040 3755 1252 3845 Bukingham
1285 3757 1424 3823 honora-

374 3854 471 3919 bilius
508 3855 763 3935 manutenendo,
808 3877 1039 3931 concessarum.
1085 3857 1185 3923 Dicta
1221 3881 1299 3947 ergo
1324 3860 1426 3925 Anna

370 3958 492 4044 regina,
521 3957 605 4021 circa
634 3957 755 4022 festum
794 3957 1011 4039 Pentecosten,
1037 3982 1125 4025 anno
1161 3961 1301 4026 Domini
1327 3965 1425 4043 1394,

371 4066 406 4126 et
439 4060 521 4124 dicti
551 4061 637 4148 regis
661 4061 712 4138 17,
736 4061 807 4125 Deo
841 4061 996 4146 spiritum
1030 4064 1290 4143 commendante,
1313 4063 1424 4131 dictus

580 4198 624 4205 -—
1250 4203 1422 4211 ..—

405 4262 497 4312 ¹Aster
509 4259 567 4310 locis
579 4262 667 4324 insert,
678 4262 732 4311 sine
740 4262 874 4313 heredibus
954 4265 964 4292 ⁵
981 4272 1058 4313 tamen
1084 4301 1092 4314 .
1109 4301 1116 4314 .
1134 4302 1140 4316 .
1166 4262 1339 4331 Holdernesse]
1370 4266 1425 4330 ejus

372 4340 516 4406 procreatis,
527 4340 558 4390 P.
920 4343 1067 4405 dominium,
1079 4343 1110 4394 Ρ.

405 4448 415 4477 2
431 4446 507 4496 Aper
519 4444 665 4494 tumim-t
676 4450 735 4506 emt,
748 4444 778 4496 P,
953 4423 1143 4514 ’accedentem
1171 4425 1350 4516 succedendes,
1371 4425 1423 4486 u.;

406 4557 665 4624 flama]
955 4583 1424 4649 m,

408 4664 416 4692 ⁴
432 4661 508 4712 Aster
526 4661 591 4726 repis
608 4661 695 4723 insert,
707 4660 874 4713 Holdernesse
920 4677 989 4724 num,
1001 4661 1031 4711 P.

373 4757 433 4807 ergo
446 4757 525 4806 usque
545 4739 573 4789 in
594 4755 704 4806 pratens
717 4740 823 4805 pertinet
833 4757 874 4792 co·
955 4741 965 4770 ⁸
981 4740 1037 4791 The
1047 4741 1129 4792 entire
1145 4756 1257 4806 passage,
1274 4741 1340 4792 from
1356 4739 1424 4792 Tan-

373 4837 441 4872 rouae
452 4821 537 4887 regiae,
548 4820 579 4871 P.
921 4818 972 4870 dem
983 4826 1009 4871 to
1020 4819 1130 4887 adeptus,
1141 4820 1164 4873 is
1175 4821 1279 4877 omitted
1291 4821 1319 4870 in
1331 4821 1361 4872 P.
