3256 5692
377 796 443 860 430
642 813 825 868 arcannm
846 812 955 862 sams
977 815 1151 897 sammua

208 988 352 1039 all-1²2¹
375 982 546 1061 debantur,
580 991 655 1073 post
684 986 817 1073 longam
854 989 1111 1054 controversiam
1148 989 1226 1054 inde
1263 987 1422 1063 habitam,

209 1060 300 1106 42³⁵.

375 1093 558 1152 carumtam
581 1088 671 1153 illum
693 1091 748 1152 *in
764 1089 942 1168 Oktona'¹
967 1113 1027 1178 pro
1041 1113 1108 1176 qua
1123 1095 1197 1156 octo
1219 1091 1342 1156 solidos
1364 1111 1421 1154 au·

373 1190 501 1254 nuatim
534 1190 668 1257 reddere
700 1193 905 1272 tenebamur,
939 1193 976 1258 in
1008 1215 1125 1280 puram
1157 1197 1193 1258 et
1224 1197 1420 1281 perpetuam

374 1293 469 1357 nobis
491 1294 649 1359 concessit
671 1294 917 1380 eleemosynam
956 1296 1002 1361 Et
1016 1295 1056 1360 de
1071 1295 1144 1382 ipsa
1165 1299 1200 1361 et
1223 1295 1264 1360 de
1285 1294 1420 1381 reliquis

375 1399 394 1457 2
411 1396 573 1461 carucatis
594 1401 692 1463 terrae
714 1396 862 1462 chartam
885 1420 978 1464 suam
992 1397 1122 1485 qualem
1137 1389 1304 1463 voluimus
1327 1396 1420 1462 nobis

373 1497 484 1562 dedit:
516 1498 567 1563 ita
596 1504 709 1564 tamen
731 1499 820 1584 quod
851 1500 980 1586 quoties
1013 1500 1172 1564 damnum
1202 1500 1337 1586 aliquod
1370 1499 1421 1564 in·

371 1621 574 1665 curreremus
610 1623 670 1687 pro
707 1600 835 1666 defectu
872 1602 1046 1668 warantiae
1082 1601 1135 1667 sui
1168 1602 1223 1667 vel
1259 1603 1418 1667 heredum

371 1724 514 1783 suorum,
537 1704 636 1768 toties
667 1703 738 1790 ipse
759 1709 794 1768 et
815 1704 951 1769 heredes
972 1705 1034 1784 sui,
1057 1705 1127 1769 aine
1149 1704 1419 1781 contradictione,

371 1807 462 1893 operi
495 1806 636 1871 ecclesiae
658 1805 771 1871 Sancti
793 1805 957 1871 Johanuis
980 1806 1225 1872 Beverlaoensis
1247 1805 1419 1871 dimidiam

371 1931 514 1973 marcam
536 1909 670 1974 nomine
692 1930 799 1995 poenae
821 1908 1026 1990 exhiberent,
1042 1915 1076 1975 et
1098 1910 1233 1997 insuper
1247 1908 1345 1974 nobis
1359 1930 1418 1995 pro

373 2012 493 2077 damno
525 2012 567 2075 ad
597 2010 771 2077 arbitrium
795 2011 933 2098 capituli
956 2011 1199 2077 Beverlacensis
1231 2011 1419 2077 satisfacere

372 2118 583 2195 tenerentur;
613 2119 647 2179 et
668 2114 778 2192 etiam,
802 2114 845 2178 ad
866 2113 1030 2178 residuam
1064 2114 1315 2201 suppletionem,
1336 2136 1419 2200 prae-

244 2223 251 2236 ·
278 2291 284 2303 ,
371 2216 460 2282 fatus
481 2217 505 2283 J
507 2216 651 2282 ohannes
672 2216 785 2282 decem
807 2238 931 2281 marcas
961 2215 1058 2281 nobis
1087 2214 1304 2303 persolvebat
1361 2215 1419 2280 In-

317 2359 323 2370 ·
370 2322 471 2399 terea,
502 2319 671 2385 «lohannes
700 2319 789 2383 filius
822 2317 986 2383 Johannis
1020 2317 1061 2382 de
1092 2318 1228 2384 Oktona
1258 2318 1296 2382 in
1329 2317 1419 2384 curia

370 2420 504 2485 domini.
519 2422 605 2507 regis
619 2442 679 2485 nos
694 2420 906 2501 sollicitabat,
921 2442 980 2507 pro
1002 2441 1041 2485 eo
1056 2419 1144 2507 quod
1167 2442 1227 2485 nos
1249 2425 1417 2506 pasturam

294 2571 301 2585 .
369 2538 401 2585 1).
418 2523 537 2587 ovibus
559 2523 595 2586 in
611 2523 754 2599 Oktona,
769 2523 859 2588 ultra
874 2529 1045 2609 pasturam
1066 2522 1109 2587 ad
1130 2527 1256 2587 terram
1270 2527 1417 2588 nostram

367 2622 490 2687 ibidem
513 2623 757 2709 pertinentem,2
773 2626 883 2688 conati
898 2646 1011 2688 sumus
1033 2623 1205 2689 exercere³
1240 2624 1419 2690 Asserebat

366 2731 478 2791 autem
500 2726 607 2792 dictus
629 2725 798 2789 Johannes
821 2727 926 2811 ipsam
948 2734 1117 2813 pasturam
1133 2744 1165 2791 D.
1182 2727 1297 2799 ovium
1319 2726 1417 2791 nobis

368 2829 521 2894 collatam
555 2827 692 2893 eandem
726 2849 794 2893 esse
816 2833 984 2913 pasturam
1008 2850 1082 2915 quae
1113 2833 1235 2893 tenum
1268 2833 1417 2893 nostram

368 2931 491 2996 ibidem
507 2931 685 2997 secandum
696 2931 965 2995 consuetudinem
979 2930 1042 2996 loci
1053 2930 1274 3017 contingebat
1306 2930 1417 3012 Unde,

369 3033 542 3120 pacificata
575 3033 688 3097 eadem
722 3032 899 3111 simultate,
934 3032 1069 3119 praefato
1102 3031 1248 3097 Johanni
1279 3035 1417 3099 eandem

370 3146 540 3221 pasturam
572 3135 615 3199 ad
639 3152 673 3197 D.
709 3156 787 3198 oves
821 3136 856 3199 in
888 3136 979 3200 curia
1012 3134 1159 3199 domini⁴
1181 3135 1268 3222 regis
1289 3136 1417 3200 relaxa-

370 3237 487 3301 bamus
500 3263 508 3314 ;
522 3260 525 3265 ·
539 3238 630 3300 salva
652 3244 764 3301 tamen
785 3237 881 3301 nobis
904 3241 1038 3322 pastura
1060 3236 1247 3322 pertinente
1270 3236 1314 3302 ad
1336 3258 1419 3303 xxm·

369 3340 507 3404 bovatas
530 3344 626 3405 terrae
641 3361 722 3424 quas
745 3336 895 3403 ibidem⁵
916 3338 1125 3425 possidemus
1170 3339 1218 3403 At
1240 3340 1310 3425 ipse
1333 3362 1418 3426 prae-

368 3443 457 3506 fatus
479 3442 647 3507 Johannes
670 3451 736 3507 tres
758 3447 934 3516 amatas,
956 3462 1036 3526 quas
1065 3440 1106 3505 de
1128 3440 1223 3506 feodo
1247 3440 1418 3507 Godefridi

370 3544 410 3608 de
446 3544 619 3630 Harpham
653 3544 776 3609 ibidem
810 3550 967 3623 tenemus
999 3542 1094 3607 nobis
1128 3543 1354 3621 confirmabat,
1382 3551 1418 3609 et
1549 3603 1558 3622 ,

366 3647 454 3732 ipsas
476 3668 533 3710 sex
563 3646 702 3710 bovatas
736 3653 832 3711 temae
863 3668 943 3731 quas
966 3645 1005 3710 de
1029 3646 1099 3730 ipso
1129 3645 1330 3723 tenebamus,
1356 3669 1417 3732 pro

368 3749 488 3835 quibus
510 3748 646 3814 reddere
668 3749 864 3814 forinsecum
895 3747 1066 3812 servitium
1100 3747 1292 3824 solebamus,
1315 3748 1417 3812 simul

367 3859 403 3916 et
424 3852 532 3938 ipsum
554 3850 736 3929 servitium,
760 3852 794 3914 in
817 3873 933 3936 puram
956 3850 1204 3935 eleemosynam,
1220 3851 1350 3936 quietas
1372 3850 1416 3915 ab

366 3958 457 4020 omni
472 3955 609 4021 servitio
632 3953 727 4018 nobis
749 3952 919 4016 relaxabat
931 3976 939 4030 ;
963 3957 997 4017 et
1018 3973 1221 4016 communem
1243 3959 1416 4038 pasturam

366 4060 401 4122 in
425 4059 538 4122 eadem
560 4056 649 4132 villu,
672 4060 832 4141 quantum
863 4054 1008 4139 pertinet
1030 4054 1072 4117 ad
1103 4053 1277 4139 praedictas
1299 4060 1416 4132 terras,
1473 4055 1480 4070 ’

366 4158 520 4224 videlicet
551 4157 645 4224 xxx.⁶
677 4156 815 4222 bovatas
853 4163 950 4222 terrae
984 4177 1063 4241 quos
1096 4156 1218 4221 ibidem
1250 4162 1415 4238 tenemus,

364 4262 459 4325 nobis
481 4260 687 4325 concedebat.

398 4486 404 4514 ¹
425 4485 448 4531 iu
464 4479 574 4544 Oktoaa]
594 4477 707 4541 wanting
719 4479 745 4526 in
757 4478 786 4527 P.
945 4479 953 4506 ⁴
971 4476 1072 4542 domiai]
1092 4477 1179 4540 ipsius,
1191 4478 1220 4527 P.

396 4566 406 4593 ²
419 4558 590 4627 pertinentem]
610 4557 805 4620 contingentem,
816 4557 846 4606 P.
943 4559 953 4586 ⁵
970 4556 1069 4622 itidem]
1089 4557 1115 4605 in
1127 4559 1214 4607 eadem
1224 4556 1294 4616 villa,
1307 4557 1339 4607 P.

397 4643 506 4690 'conati
522 4678 528 4689 .
547 4677 553 4690 .
571 4636 693 4700 cancere]
713 4637 864 4685 vendicaba-
943 4639 952 4666 ⁸
970 4644 1048 4685 terras
1063 4673 1071 4686 .
1089 4674 1096 4686 .
1115 4674 1122 4686 .
1142 4636 1216 4701 aaa]
1236 4637 1416 4698 stemma

362 4736 427 4779 mus,
440 4721 469 4769 P.
909 4716 1000 4766 alteras
1011 4722 1051 4776 tl,
1064 4716 1093 4766 P.
