3256 5692
372 788 440 850 440
647 795 820 852 metabus
841 796 949 849 ABBAS
971 800 1146 853 eminus.

203 971 274 1023 AJ).
288 978 352 1024 1228
373 971 518 1028 irruentes
536 971 674 1044 precibus
692 973 809 1030 avertit.
848 936 979 1045 Contigit
1004 991 1039 1029 eo
1066 973 1098 1030 in
1124 973 1221 1030 studio
1247 971 1427 1028 dormitante

203 1044 294 1090 ⁴²⁴⁷·
372 1057 523 1113 candelam
549 1074 638 1128 super
655 1057 783 1114 Bibliam
801 1058 904 1114 eadere
930 1062 961 1113 et
983 1059 1097 1124 ardere,
1122 1058 1184 1126 sed,
1204 1074 1240 1112 eo
1265 1057 1428 1127 evigilante

372 1147 403 1195 et
420 1141 596 1211 suspirante,
615 1141 727 1196 nullam
745 1141 889 1197 ustionem
912 1158 1081 1214 apparere.
1103 1181 1163 1197 ...
1208 1141 1284 1212 Ejus
1309 1136 1427 1196 cilicia¹

371 1224 535 1279 inveterata
551 1223 614 1295 igni
633 1224 742 1280 tradita
758 1224 890 1282 comburi
901 1241 960 1281 non
968 1229 1111 1297 poteraut,
1124 1242 1179 1281 neo
1196 1224 1228 1280 in
1239 1223 1349 1280 ciliciis
1362 1223 1428 1294 ejus

371 1325 405 1363 ae
423 1307 538 1364 caeteris
555 1307 688 1363 vestibus
699 1307 750 1363 vix
767 1325 897 1380 unquam
907 1308 1017 1364 vermis
1035 1308 1160 1380 reperiri
1177 1307 1284 1380 potuit.
1322 1305 1426 1362 Missis

372 1387 528 1458 aliquando
545 1386 581 1442 de
600 1386 760 1443 (lantuaria
777 1388 815 1442 ad
833 1387 1030 1444 Sarisburiam
1047 1387 1157 1443 nuntiis
1182 1405 1236 1458 pro
1259 1378 1351 1443 dicto
1369 1385 1428 1440 Ed·

371 1466 481 1521 mundo
502 1465 597 1537 ipsius
614 1465 672 1522 loci
695 1467 879 1523 thesaurario
897 1467 929 1522 in
946 1467 1199 1539 arehiepiscopum
1215 1465 1426 1539 promovendo,

372 1550 414 1605 ait
431 1550 469 1604 ad
492 1565 542 1604 eos
560 1548 696 1616 decanus,
717 1551 827 1606 “Bene
850 1551 993 1606 veneritis
1010 1555 1041 1607 et
1057 1549 1134 1605 male
1154 1550 1306 1606 veneritis.
1345 1550 1428 1604 Bene

372 1636 390 1662 ‘¹
411 1632 530 1705 quidem
542 1632 621 1704 quod
638 1640 746 1690 nostrae
758 1633 891 1690 eeclesiae
908 1634 1048 1691 honorem
1069 1633 1165 1690 facitis
1173 1656 1182 1699 ;
1201 1633 1254 1691 aed
1265 1633 1345 1690 male
1358 1632 1428 1705 qnia

373 1719 392 1744 ‘⁴
412 1717 582 1771 thesaurum
600 1723 733 1773 nostrum
750 1734 818 1774 cum
838 1717 1022 1774 thesaurario
1034 1717 1187 1774 aufertia.”
1223 1717 1426 1774 Calciamenta

372 1801 491 1873 propria
503 1799 559 1856 sibi
578 1799 732 1856 detrahere
749 1818 808 1857 non
820 1801 948 1858 erubuit.
986 1800 1159 1873 Cuicunque
1172 1801 1279 1858 obvio²
1292 1801 1427 1857 confiteri

372 1880 481 1936 volenti
499 1871 599 1936 etium
626 1880 663 1936 de
682 1898 758 1951 equo
784 1879 963 1937 descendens
981 1880 1160 1938 audientiam
1187 1881 1325 1953 praebuit,
1345 1880 1428 1935 nulla

372 1961 448 2015 aeris
458 1961 469 1993 ³
480 1960 653 2032 intemperie
674 1965 726 2015 ant
736 1959 857 2031 hospitii
874 1958 1093 2031 propinquitate
1111 1960 1289 2017 retardatus.
1327 1959 1428 2015 Instar

371 2045 465 2108 olivae,
486 2043 620 2116 quaesibi
637 2043 746 2098 retinet
763 2042 881 2098 corticis
901 2042 1128 2099 amaritudinem
1145 2049 1176 2099 et
1193 2044 1309 2100 ceteris
1329 2042 1428 2098 fundit

370 2127 495 2198 liquoris
508 2125 702 2191 dulcedinem,
723 2126 765 2182 sic
787 2125 851 2198 ipse
872 2125 992 2182 sibimet
1012 2132 1076 2183 erat
1096 2126 1200 2193 durus,
1213 2127 1331 2183 ceteris
1350 2144 1428 2181 eom·

370 2211 484 2282 patiens
509 2216 539 2266 et
555 2209 710 2281 benignus.
757 2209 865 2265 Pectus
884 2226 971 2265 suum
994 2209 1164 2280 frequenter
1186 2210 1309 2276 tutudit,
1330 2227 1427 2281 genua

371 2301 458 2349 terrae
475 2293 594 2357 collisit,
619 2293 662 2349 ita
679 2298 713 2349 ut
736 2292 837 2348 cleriei
855 2292 910 2348 sub
928 2309 963 2348 eo
982 2292 1018 2355 in
1041 2292 1169 2349 cellariis
1193 2298 1354 2365 pausantes
1377 2293 1426 2347 vix

370 2376 499 2433 dormire
510 2382 638 2450 possent.
675 2375 783 2432 Sexum
796 2375 966 2432 foemineum
984 2373 1021 2431 ob
1033 2374 1172 2431 honorem
1183 2375 1279 2432 beatae
1289 2374 1425 2448 Virginis

370 2479 486 2533 semper
498 2460 667 2525 honorarit3
686 2476 741 2514 neo
752 2464 851 2514 tamen
868 2476 922 2531 per
932 2460 988 2515 hoe
1000 2458 1146 2514 maculam
1157 2459 1293 2516 incurrit.
1330 2460 1426 2514 Immo

369 2561 437 2597 cum
450 2562 468 2598 a
485 2544 612 2614 quodam
624 2542 764 2598 familiari
783 2558 836 2598 suo
854 2559 890 2597 ex
906 2543 962 2598 hoc
982 2541 1248 2620 reprehenderetur
1266 2543 1425 2616 quodcum

369 2625 496 2696 quadam
507 2626 611 2697 pulcra
627 2630 760 2680 matrona
778 2630 839 2680 tam
852 2626 1021 2697 frequenter
1038 2625 1218 2697 loqueretur,
1237 2626 1426 2698 respondisse

369 2709 471 2773 fertur,
494 2707 671 2764 “Vidistine
683 2724 771 2777 quam
784 2707 917 2779 speciosa
934 2708 992 2764 fuit
1009 2707 1088 2764 illnl-
1119 2707 1232 2781 Soepius
1244 2709 1316 2764 mihi
1329 2709 1427 2764 fateor

371 2796 390 2820 “
410 2791 529 2857 assedit,
542 2808 692 2862 nunquam
704 2796 802 2846 tamen
819 2790 886 2862 plns
898 2789 935 2845 de
953 2791 1006 2845 illa
1018 2809 1107 2863 quam
1118 2791 1155 2847 de
1166 2808 1249 2847 muro
1260 2797 1425 2864 temptatus

372 2879 391 2904 ‘⁶
411 2876 504 2931 extiti.
542 2873 619 2944 Quin
630 2873 719 2929 etiam
737 2872 763 2928 si
782 2873 961 2944 omniaque
980 2873 1010 2929 in
1021 2873 1077 2929 hoe
1088 2874 1201 2945 peccati
1217 2891 1326 2946 genere
1345 2893 1425 2930 com·

373 2963 392 2989 “
412 2960 480 3016 misi
501 2959 531 3015 in
548 2960 643 3014 fronte
656 2975 721 3013 meo
732 2957 968 3029 depingerentur,
981 2974 1039 3012 non
1051 2958 1284 3014 erubescerem.”
1319 2958 1424 3014 Mune·

371 3062 438 3100 rum
457 3049 625 3114 acceptores
654 3040 867 3105 detestabatur,
888 3040 987 3114 dicens
1016 3039 1138 3105 Gallice,
1166 3041 1279 3096 “Inter
1300 3043 1424 3114 prendre

373 3129 392 3154 ¹‘
412 3132 442 3181 ct
458 3126 564 3197 pondre
582 3126 669 3180 unica
686 3124 825 3179 duntaxat
849 3123 939 3179 distat
963 3122 1073 3178 iothe.”
1111 3123 1277 3195 Instigante
1303 3126 1424 3181 tandem

370 3211 495 3275 diabolo,
519 3228 572 3264 rex
589 3208 736 3264 Henricua
764 3226 823 3262 una
848 3225 915 3262 cum
939 3206 1067 3278 capitulo
1091 3205 1296 3264 Cantnariensi
1323 3217 1426 3265 contra

369 3295 466 3365 ipsum
480 3293 642 3357 rebellavit,
663 3292 717 3347 snb
730 3308 788 3362 quo
800 3291 916 3346 turbine
933 3291 1027 3345 multa
1037 3289 1244 3346 dissimulavit.
1282 3294 1425 3348 Persecu-

250 3395 263 3439 5
290 3427 296 3440 ,
369 3386 448 3432 tores
467 3395 535 3432 suos
554 3374 592 3432 ad
613 3375 713 3431 oscula
740 3382 769 3431 et
790 3375 862 3430 alias
888 3374 1101 3430 familiaritates
1119 3374 1248 3430 admisit.
1295 3377 1426 3433 Etcum

370 3459 458 3515 amici
477 3459 523 3514 sni
537 3459 669 3514 dicerent
679 3458 754 3513 hanc
771 3459 892 3512 nimiam
904 3456 1156 3513 mansuetudinem
1169 3459 1337 3529 exemplum
1359 3461 1427 3515 aliis

369 3543 500 3613 praebere
513 3541 705 3596 consimiliter
718 3540 899 3612 insurgendi,
911 3540 1068 3612 respondit,
1084 3543 1102 3567 ‘⁴
1112 3540 1321 3598 Inundationes
1335 3544 1427 3598 maria

371 3629 390 3654 “
410 3626 494 3697 quasi
506 3626 551 3679 lae
570 3641 677 3695 sugere
695 3624 845 3690 debemus,
860 3630 890 3679 et
907 3643 975 3680 eum
991 3641 1170 3695 praecursore
1188 3624 1309 3680 Domini
1329 3644 1428 3681 come·

370 3711 389 3736 ‘⁶
409 3709 478 3762 dore
496 3707 556 3761 mel
574 3707 709 3764 silvestre
728 3707 759 3762 in
776 3707 892 3762 deserto
914 3707 1024 3762 mundi.
1072 3707 1134 3762 Soli
1153 3708 1261 3779 quippe
1280 3708 1345 3764 Deo
1365 3727 1428 3764 ser·

369 3796 387 3819 “
407 3791 503 3846 vande
527 3801 573 3845 est
596 3790 726 3862 potentia
744 3789 920 3846 vindicandi.
971 3790 1015 3845 De
1042 3791 1144 3845 alienis
1163 3791 1338 3848 defectubus
1356 3793 1427 3848 nolo

370 3879 390 3903 ⁴‘
409 3875 482 3930 mihi
501 3875 686 3947 dispendium
704 3873 899 3946 propagare.”
936 3874 1099 3930 Convocat>
1115 3873 1305 3945 praelatorum
1332 3881 1425 3943 coetu,

369 3961 496 4030 inquirit
520 3957 664 4030 quomodo
692 3959 845 4014 ecclesiam
873 3958 936 4030 jam
967 3958 1132 4015 ancillatam
1160 3958 1291 4014 relevare
1317 3962 1427 4031 possit.

369 4042 545 4098 Decernitur
556 4059 659 4113 regem
677 4059 744 4096 curn
763 4043 878 4098 eoeteris
896 4042 1055 4097 rebellibus
1074 4041 1286 4098 admouendum
1299 4044 1373 4109 fere,
1395 4052 1427 4100 et

368 4125 394 4180 si
423 4143 481 4178 non
511 4125 730 4196 corrigerentur
763 4124 951 4182 severitatem
976 4125 1179 4182 ecclesiastice
1205 4143 1340 4182 censurae
1364 4145 1426 4182 non

368 4206 505 4262 dormire.
545 4206 635 4263 Paret
657 4208 704 4264 vir
723 4215 857 4264 sanctus:
883 4226 986 4279 regem
1010 4208 1185 4279 alloquitur;
1210 4214 1241 4264 et
1267 4226 1320 4263 rex
1346 4212 1427 4281 petit

367 4288 607 4344 deliberationem
620 4307 708 4360 super
726 4290 785 4346 hiis
803 4292 913 4347 haberi.
952 4291 1094 4363 Expectat
1105 4292 1155 4346 ille
1173 4291 1225 4347 sed
1235 4291 1279 4346 nil
1296 4294 1423 4362 profuit.

368 4373 432 4443 Qua
449 4372 485 4427 de
498 4388 596 4436 causa,
617 4373 672 4427 soli
690 4374 755 4444 regi
769 4375 936 4440 deferendo,
950 4375 981 4430 in
999 4381 1119 4431 caeteros
1137 4374 1261 4430 rebelles
1273 4379 1426 4434 sententia

370 4457 553 4511 fulminatur.
599 4454 641 4511 At
658 4473 726 4510 cum
743 4475 797 4512 nec
815 4457 873 4513 hiis
892 4464 1157 4530 compungerentur
1174 4464 1423 4528 transgressores,

367 4538 528 4594 cedendum
539 4539 635 4608 magis
654 4539 768 4594 censuit
786 4541 907 4597 malitiis
920 4559 1008 4611 quam
1026 4542 1168 4597 inservire
1186 4540 1301 4611 litigiis.
1343 4543 1423 4599 Cori-

400 4713 407 4745 ¹
424 4712 520 4779 cilicia]
539 4712 696 4774 sitientis.
949 4718 1054 4787 'aerisJ
1074 4716 1155 4779 uictis,
1165 4715 1220 4767 MS.

397 4795 408 4825 ²
424 4790 509 4868 oeteo]
525 4791 582 4855 sint,
594 4791 625 4843 a.
639 4787 673 4838 Η.
