3232 5692
535 755 634 807 aneu
655 753 764 807 mars
783 754 923 806 ramus.
1205 741 1250 807 83

201 932 322 1018 atquc,¹
345 930 409 1018 ipsi
431 930 610 997 conventui
632 929 826 1015 praescripto
848 928 960 993 Adam
989 925 1148 991 monacho
1170 947 1253 1013 prae·

200 1033 287 1100 fecto
320 1034 357 1100 in
392 1031 571 1113 abbatem,2
604 1031 712 1097 locum
745 1031 855 1117 ipsum
892 1027 1037 1115 praefatis
1071 1029 1185 1093 abbati
1218 1031 1253 1094 et

201 1137 368 1204 monachis
404 1135 534 1222 suisque
572 1132 833 1200 successoribus³
878 1131 1057 1198 relaxabat.
1125 1129 1253 1196 Deinde

201 1244 373 1326 coeperunt
410 1238 492 1324 dicti
536 1234 698 1302 abbates⁴
735 1240 770 1302 et
816 1232 969 1300 monachi
1014 1255 1057 1298 ex
1101 1232 1371 1318 operibusManml

202 1363 360 1406 manuum
398 1361 531 1406 suarum
567 1338 696 1404 victum
735 1358 881 1424 quaerere
919 1332 1173 1423 quotidianum,⁵
1217 1311 1420 1430 infflffnffi·

202 1444 319 1509 sudore
341 1442 456 1508 vultus
485 1440 537 1508 sui
568 1463 653 1528 pane
686 1462 745 1506 suo
766 1442 944 1526 vescentes,
967 1443 1003 1527 et
1033 1437 1254 1524 insanguine

202 1567 261 1610 suo
283 1544 415 1610 vineam
439 1543 575 1609 Domini
598 1542 746 1609 Sabaoth
777 1542 1045 1628 complantantes
1102 1540 1254 1606 Oonflue·
1267 1557 1422 1610 Confluence

202 1645 286 1711 bant
306 1668 383 1733 ergo
405 1646 449 1711 ad
472 1667 527 1711 eos
548 1645 696 1731 undique
727 1643 1015 1731 conprovinciales,
1046 1643 1090 1708 ad
1123 1643 1253 1727 coadju-
1266 1626 1390 1743 ‘o'ssffi‘e'l'h

202 1750 347 1815 vandum
383 1749 527 1836 quidam,
550 1749 686 1836 quidam
707 1770 786 1813 vero
808 1747 852 1812 ad
875 1745 1127 1814 conversionem.
1180 1745 1255 1811 Sto·
1266 1767 1380 1826 country.

202 1851 290 1916 lidus
324 1852 413 1917 cuim
447 1850 617 1939 populus⁶
639 1857 772 1938 gentem
806 1840 1036 1915 admirabatur
1057 1847 1254 1913 cucullatam

203 1954 402 2039 quibusdam
437 1954 644 2041 temporibus
678 1953 804 2018 divinis
838 1952 1003 2038 obsequiis
1034 1951 1254 2029 insistentem,

202 2067 237 2124 ct
273 2057 347 2123 aliis
383 2058 590 2144 temporibus
634 2056 788 2144 operibus
825 2055 1004 2120 rusticanis
1042 2051 1257 2140 occupatam.7

204 2158 385 2245 Coeperunt
407 2161 525 2226 deinde
548 2160 631 2225 dicti
652 2156 825 2225 monachi⁸
853 2159 890 2222 in
919 2157 1069 2223 aedificiis
1092 2161 1126 2222 et
1148 2177 1256 2222 neces-

203 2263 299 2327 sariis
339 2263 488 2348 quotidie
526 2263 705 2349 proficere3
737 2266 772 2326 et
810 2261 916 2326 indies
954 2281 1068 2325 eorum
1100 2280 1257 2324 numerus

204 2365 305 2450 coepit
336 2367 458 2451 augeri,
481 2365 612 2431 devotis
634 2364 953 2451 conprovincialibus
975 2384 1094 2428 manus
1116 2362 1163 2426 eis
1184 2383 1258 2447 por-

203 2466 390 2553 rigentibus
416 2467 603 2552 adjutrices.
649 2466 776 2532 ⁰Porro
807 2467 896 2531 idem
918 2464 1117 2531 venerabilis
1152 2485 1259 2529 comes
1272 2473 1414 2526 Donations

204 2569 304 2655 coepit
341 2570 520 2634 dictorum·
542 2569 775 2635 monachorum
808 2567 1022 2655 profectibus,
1035 2566 1238 2652 congaudere
1251 2590 1259 2646 ;
1271 2542 1365 2659 22}th

204 2676 248 2750 et,
270 2671 307 2735 in
338 2677 553 2757 augmentum
585 2672 692 2736 divini
724 2671 842 2750 cultae,
867 2671 961 2736 dedit
982 2670 1030 2735 eis
1051 2668 1186 2734 boscum
1219 2668 1425 2732 deAlbemmle.

205 2773 310 2851 Ruda,
335 2796 432 2858 quem
455 2775 583 2861 pridem
606 2796 681 2839 cum
701 2774 810 2837 Alano
833 2773 874 2837 de
898 2772 1109 2856 Scrutevylla
1131 2793 1191 2857 pro
1213 2770 1257 2835 lx.
1270 2756 1410 2874 {ffide

205 2875 288 2940 acris
311 2881 407 2942 terrae
430 2876 564 2942 arabilis
586 2876 622 2940 in
646 2875 853 2961 Aldburgho,
871 2897 909 2939 co
931 2875 1037 2961 magis
1059 2873 1258 2951 valentibus,

205 2978 430 3043 commutavit.
489 2978 654 3064 Quicquid
685 2978 788 3043 etiam
819 2977 939 3042 habuit
970 2977 1006 3040 in
1029 2975 1187 3062 Waghnc
1217 2976 1397 3043 deivaghna.

205 3080 404 3166 patrimonio
427 3081 559 3166 proprio
591 3085 625 3145 et
657 3081 698 3145 de
731 3079 932 3166 patrimonio
961 3078 1202 3165 archiepiscopi,
1225 3082 1260 3143 et

206 3183 374 3247 ecclesiam
404 3182 551 3267 ejusdem
581 3183 680 3259 villae,
704 3205 741 3247 cc
764 3182 900 3247 Petrum
924 3181 965 3246 de
988 3180 1141 3267 Waghna
1164 3179 1260 3247 mili·
1321 3222 1324 3227 -

118 3327 119 3330 =
206 3291 274 3349 tem
308 3307 411 3362 suum,
437 3292 470 3350 ct
502 3290 693 3351 tenemento
726 3284 840 3370 ipsius,
863 3285 912 3348 ita
945 3289 1058 3348 tamen
1080 3283 1169 3369 quod
1191 3283 1259 3368 ipse

207 3386 325 3452 Petrus
359 3392 446 3452 essct
481 3388 660 3453 attendens
697 3387 796 3452 dictis
835 3385 1005 3451 monacbis
1043 3386 1084 3451 de
1122 3385 1260 3470 singulis

206 3490 352 3554 servitiis
376 3491 453 3568 suis,
478 3490 582 3556 donec
616 3490 703 3555 idem
739 3510 845 3555 comes
877 3488 1145 3575 praefatoPetro.
1160 3487 1258 3552 chan-

205 3592 295 3678 giam
332 3593 375 3656 ad
412 3593 633 3657 valitudinem
670 3597 767 3658 terrae
805 3614 873 3657 suae
918 3590 1089 3670 conferret,
1127 3589 1225 3654 dictis
1235 3588 1260 3626 ¹⁰

239 3876 246 3905 ¹
265 3873 350 3942 atquc]
371 3883 403 3935 et,
416 3875 445 3924 P.
757 3881 830 3924 antea
842 3873 869 3922 in
881 3874 925 3924 illa
936 3874 1019 3924 insula
1030 3873 1182 3924 monestede
1192 3873 1261 3923 nulla

238 3954 342 4004 ²Aster
357 3953 466 4004 abbatem
492 3953 572 4004 insert
591 3953 708 4004 kalendis
756 3954 865 4015 suerunt,
876 3953 906 4004 P.

206 4033 330 4091 Junuarit
345 4034 376 4084 Ρ.
791 4035 801 4063 ⁸
816 4028 877 4082 dicti
885 4030 1009 4096 monachi]
1028 4032 1141 4099 wanting
1152 4032 1179 4081 in
1190 4032 1220 4083 P.

239 4115 249 4142 ⁸
265 4113 341 4163 After
351 4112 528 4164 accessoribus
544 4114 624 4164 insert
639 4112 709 4178 prius
790 4114 800 4142 ⁸
818 4112 849 4162 In
856 4112 912 4163 MS.
920 4113 950 4163 P.
958 4112 1008 4162 this
1020 4112 1042 4162 is
1053 4112 1096 4163 the
1107 4127 1262 4162 commence-

207 4193 334 4254 collutum,
345 4193 376 4243 P.
758 4199 828 4242 ment
839 4192 869 4241 of
876 4191 920 4242 thc
930 4191 987 4242 fich
998 4191 1108 4255 chapter,
1116 4191 1158 4240 the
1169 4191 1224 4241 title
1236 4197 1262 4240 to

239 4274 248 4301 ⁴
266 4271 379 4338 abbates]
400 4274 485 4333 abbas,
496 4272 526 4322 P.
759 4270 844 4320 which
856 4271 878 4321 is
889 4274 905 4297 “
913 4270 954 4320 De
966 4270 1040 4320 terris
1053 4270 1117 4320 datis
1129 4270 1202 4319 nobis
1218 4284 1263 4333 per

239 4351 439 4417 'quotidianum
454 4352 616 4412 cotidianum,
624 4350 710 4401 inthis
760 4357 775 4379 “
793 4350 961 4400 Willielmum
991 4349 1073 4399 Groos
1105 4350 1262 4398 fundatorem

207 4431 272 4481 asin
281 4433 353 4481 other
364 4432 491 4482 instances
502 4431 529 4479 in
539 4430 601 4481 both
610 4430 687 4481 MSS.
759 4432 906 4478 “nostrum
931 4429 958 4476 in
980 4429 1057 4478 bosco
1079 4429 1111 4478 de
1133 4429 1214 4487 Ruda,
1237 4426 1263 4475 in

240 4511 340 4561 ‘Alter
352 4508 460 4576 populus
475 4512 553 4561 insert
575 4510 653 4575 ipsius
669 4510 710 4558 in·
761 4511 776 4535 “
793 4508 919 4573 Waghna,
941 4508 968 4557 in
993 4507 1105 4568 Hotcna,
1128 4507 1155 4556 in
1177 4505 1263 4556 whic

207 4589 277 4650 sulse,
288 4590 319 4640 P.
761 4593 776 4616 “
793 4588 923 4651 hystrand,
933 4594 958 4636 et
969 4587 996 4636 in
1008 4586 1165 4652 Eggetona.”

240 4668 342 4720 'After
368 4676 510 4735 occupatam
535 4668 622 4731 insert,
645 4667 711 4718 Nam
795 4668 814 4697 ¹⁰
828 4666 914 4732 dhas]
934 4666 1081 4731 sepedictis,
1094 4668 1125 4717 P.

1062 4773 1128 4835 rt
