3232 5692
219 789 284 853 332
477 799 688 850 mansuem
708 796 817 848 mass
839 793 1003 857 ensnrus

52 1150 69 1200 f.
82 1150 148 1200 ⁴⁸⁶·
220 1148 299 1216 Car.
323 1147 432 1212 XVII.
459 1146 528 1212 'De
551 1144 706 1232 coptrbrw
719 1204 722 1209 .
736 1141 831 1210 urbis
856 1139 1196 1228 nomenniomen
1231 1136 1428 1209 deltmmue

309 1248 466 1315 dominio
492 1250 716 1315 Tortororrem
727 1272 741 1327 ;
764 1245 804 1312 dc
826 1251 1047 1333 tempestuosa
1067 1243 1159 1310 aeris
1181 1262 1274 1309 com·
1286 1224 1426 1344 3¹31le

308 1351 484 1432 moliorrs;
517 1351 558 1418 de
580 1349 745 1417 iteretis-ts
769 1345 1040 1434 Albo'yerradbus,·
1074 1346 1116 1413 de
1143 1344 1275 1412 Soracte

308 1454 490 1521 Domr'sao'co
521 1453 711 1540 confessore,
742 1459 772 1518 et
806 1450 996 1538 disceptione
1025 1447 1167 1517 ordinis
1189 1448 1273 1535 fou·

309 1565 405 1624 trum
426 1556 699 1624 Prusensium
718 1576 783 1643 per·
805 1553 958 1621 enodem.

54 1749 121 1799 nn.
138 1755 198 1800 rtet
266 1741 343 1826 lpse
367 1741 528 1827 siquidem
553 1739 747 1805 Innocentio
773 1761 859 1825 papa
883 1741 902 1805 3
925 1737 1146 1804 universalem
1170 1737 1272 1803 eccle-

53 1821 144 1949 iffi
168 1900 197 1950 of
221 1843 303 1907 siam
325 1843 540 1930 gubernante,
558 1842 678 1908 Franci
700 1848 735 1906 et
755 1839 878 1906 Veneti
900 1855 1041 1922 ceperunt
1067 1848 1171 1903 urbem
1196 1848 1273 1903 Con·
1286 1860 1320 1911 R,
1334 1859 1451 1927 131·ng

54 1915 195 2017 emerget.
222 1955 448 2026 stantinopolim‚
476 1973 550 2009 armo
581 1944 717 2010 Domini
743 1943 852 2009 1201.²
891 1951 929 2006 ln
966 1969 1024 2021 qua
1059 1949 1275 2004 constituerunt
1286 1928 1339 1979 ⁰⁰¹·
1352 1933 1430 1980 ²⁴¹⁵·

53 2035 135 2098 ιιΟΡῙΘ·
221 2047 427 2119 imperatorem
457 2046 659 2103 Baldewinum
691 2045 836 2101 Flendrias
867 2025 1011 2099 comitem.
1049 2040 1162 2112 ³anns
1188 2039 1273 2095 urbis

221 2141 385 2212 captionem
403 2140 492 2195 otiam
513 2146 581 2220 pest
598 2140 699 2212 pluras
719 2138 781 2194 dies
800 2127 948 2217 plerique
970 2125 1074 2191 vieini
1097 2133 1203 2189 accolas
1221 2133 1273 2187 vix

221 2233 340 2289 eredere
376 2239 544 2304 potuerunt,
576 2239 640 2288 tum
670 2238 789 2305 propter
816 2231 945 2288 civitatis
975 2227 1177 2284 fortitudinem
1207 2232 1274 2282 tum

221 2319 321 2383 etiam
347 2332 466 2399 propter
492 2327 641 2398 antiquam
668 2340 768 2403 quam
799 2316 967 2382 habebant
993 2321 1185 2395 prophetiam,
1213 2338 1274 2390 qua

221 2422 394 2492 pradictum
407 2420 504 2474 luerat
522 2420 603 2474 illam
616 2420 718 2475 urbem
731 2420 797 2491 capi
815 2438 872 2474 non
883 2434 968 2490 pesse
986 2415 1044 2471 nisi
1057 2432 1109 2486 per
1121 2412 1270 2485 angelum.

222 2504 281 2560 Sed
306 2503 439 2559 hostibus
464 2521 517 2576 per
539 2522 656 2559 murum
680 2505 731 2559 ubi
750 2511 814 2561 erat
837 2502 960 2574 angelus
984 2499 1117 2571 depictus
1138 2497 1273 2553 intranti·

221 2589 285 2653 bus,
308 2588 454 2658 indigente
472 2605 525 2659 per
552 2588 811 2659 aequivocationem
833 2587 931 2659 angeli
956 2603 988 2640 se
1005 2584 1142 2655 deceptos
1166 2599 1273 2653 eogno-

55 2691 175 2742 Domins·
221 2687 335 2737 verunt.
375 2669 469 2751 Quo⁴
488 2699 563 2736 anno
583 2723 589 2734 .
612 2723 618 2736 .
641 2723 648 2736 .
668 2681 855 2738 Tarturorum
874 2678 1039 2735 dominatus
1058 2676 1176 2748 incepit.
1218 2673 1273 2729 Hii
1286 2680 1396 2732 Ibidem.

54 2758 200 2810 “⁰¹¹⁰f‘h‘
221 2798 336 2852 nempe,
348 2782 402 2837 snb
415 2781 561 2836 montibus
575 2781 668 2838 Indis)
687 2783 718 2837 in
736 2783 857 2854 regione
876 2773 966 2838 dicta
974 2780 1098 2836 Tartara
1105 2776 1270 2843 constituti,

54 2825 164 2877 Tama·
222 2882 372 2937 deminum
390 2901 476 2938 suum
495 2899 596 2952 regom
611 2881 704 2938 India)
723 2883 820 2939 David
838 2875 980 2951 nornine,
997 2881 1090 2936 lilium
1105 2871 1129 2936 J
1131 2870 1272 2936 ohannis

222 2975 401 3048 Presbyteri,
422 2975 588 3032 occidenter
613 2976 649 3030 nd
675 2975 948 3049 depopulationem³
975 2975 1099 3030 aliarum
1125 2981 1272 3030 terrarum

55 3071 160 3125 violent
221 3074 435 3141 processerunt.
478 3059 590 3126 Tertio
606 3060 724 3126 deinde
746 3084 835 3128 anno
858 3066 1015 3148 sequente
1030 3064 1134 3125 tantae
1149 3057 1273 3146 pluvise
1284 3062 1395 3116 Ibidem.

55 3149 154 3195 '‘m'‘
221 3186 295 3229 cum
327 3161 485 3227 tonitruis
519 3168 554 3227 et
585 3163 780 3229 fulminibus
813 3171 847 3230 et
882 3162 1139 3251 tempestatibus·
1174 3161 1270 3226 factae

221 3273 301 3332 sunt
347 3271 489 3351 quantas
535 3266 627 3330 nulla
672 3268 825 3332 meminit
869 3267 1039 3333 hominurn
1078 3264 1271 3351 antiquitas.

222 3379 346 3451 Lapides
366 3369 453 3432 enim
473 3376 510 3432 ad
529 3378 721 3448 ‹luantitutcm
739 3396 860 3434 ovorum
880 3377 1084 3451 quadranguli,
1104 3376 1186 3431 mixti
1203 3393 1272 3432 cum

222 3473 331 3543 pluvia,
352 3471 387 3524 ‹lo
414 3470 488 3525 emto
507 3470 653 3533 eradentes,
676 3471 804 3536 arbores,
825 3472 924 3526 vineas
953 3480 983 3525 et
1004 3477 1145 3542 segetes.
1169 3511 1175 3523 .
1198 3512 1203 3524 .
1225 3468 1274 3524 de-

223 3572 392 3620 struxerunt
416 3571 445 3617 et
476 3556 599 3619 multos
631 3555 779 3620 homines
803 3556 1014 3635 ecciderunt3
1047 3555 1201 3640 corvique
1239 3560 1275 3619 et

224 3681 322 3744 quum
355 3658 464 3743 plures
494 3683 562 3721 aves
588 3683 641 3736 per
669 3684 765 3721 aeram
791 3668 924 3723 volantes
950 3668 1007 3724 visi
1035 3673 1105 3722 sunt
1133 3666 1275 3722 carbones

740 3832 915 3839 ..ψ-

259 3940 265 3967 ¹
284 3936 339 3986 The
350 3936 494 3986 remainder
504 3938 534 3986 ol
543 3937 585 3986 the
597 3937 724 3987 narrative
774 3937 896 4003 Higden3
918 3946 943 3989 to
962 3938 1003 3990 the
1024 3947 1078 3990 true
1094 3954 1155 4003 year
1169 3944 1232 3987 1204
1242 3940 1276 4002 by

223 4018 304 4067 under
320 4017 362 4066 the
379 4018 476 4081 abbaey
493 4016 524 4066 ot⁴
536 4017 686 4067 Alexander
702 4018 724 4067 is
775 4017 869 4076 Trivet,
882 4019 948 4068 from
960 4018 1043 4068 whom
1054 4018 1086 4067 he
1101 4020 1217 4069 berrewa

224 4096 321 4159 printed
333 4082 398 4145 roni
413 4097 455 4145 ne
472 4095 598 4159 rhrlrtpps
609 4097 665 4146 rrs.
701 4097 725 4146 n
808 4100 817 4127 ³
834 4097 891 4147 rso
908 4107 1086 4164 magestas
1103 4099 1134 4148 or
1151 4100 1232 4148 voras
1250 4099 1277 4147 tn

224 4176 301 4225 resera
312 4183 339 4225 to
351 4184 453 4225 matters
474 4176 505 4224 ef
521 4176 605 4239 public
617 4176 723 4240 history,
773 4177 824 4226 this
841 4185 957 4227 sentence
975 4177 997 4227 is
1017 4179 1112 4228 altered
1128 4178 1193 4228 stom
1211 4178 1276 4242 llig-

225 4255 274 4303 and
310 4256 357 4304 has
389 4256 451 4304 been
479 4253 600 4318 abridged
622 4254 648 4303 in
682 4255 724 4304 the
774 4257 831 4306 den.

225 4334 324 4383 revisod
357 4334 428 4383 work
456 4333 586 4383 exhibited
627 4332 653 4383 in
682 4333 724 4383 the
807 4335 931 4396 ‘Trivet
965 4337 1030 4386 from
1059 4337 1142 4387 whom
1172 4337 1275 4403 Higden

224 4414 336 4478 Egerten
371 4413 437 4472 MS,
459 4414 542 4462 where
572 4413 614 4462 the
645 4428 720 4462 seren
773 4415 891 4476 barrem,
907 4417 984 4467 refers
1001 4417 1043 4466 the
1060 4426 1276 4468 cemmeneement

223 4494 354 4557 following
371 4493 487 4556 chapters
507 4493 537 4541 of
552 4491 594 4543 tlre
615 4492 723 4557 original
773 4495 804 4543 of
815 4495 857 4545 tlre
870 4495 960 4545 Tartar
971 4496 1099 4546 dominien
1112 4505 1137 4547 te
1155 4498 1197 4547 the
1214 4513 1276 4561 year

224 4574 294 4623 work
312 4587 355 4622 arc
366 4573 526 4636 eemprcsaed
537 4571 592 4622 into
604 4581 666 4623 two.
776 4580 845 4626 1202.
881 4575 898 4625 i.
911 4591 934 4640 p.
952 4581 1007 4627 ttr.
1210 4630 1213 4635 ¹

805 4656 815 4682 ³
832 4653 1050 4724 depopulationem]
1069 4658 1170 4723 rapinas
1188 4665 1213 4709 et
1230 4660 1273 4710 de·

257 4733 267 4762 ²
283 4732 404 4783 Referred
421 4740 447 4782 to
466 4731 509 4783 the
526 4747 586 4797 year
606 4737 669 4782 1208
687 4734 722 4797 by
771 4735 943 4799 praedationes,
955 4736 986 4787 R.
999 4736 1031 4787 Η.
