3232 5692
335 759 400 821 242
472 832 475 839 Ι
637 768 776 820 raonis
798 768 1082 820 manseramus

165 945 236 998 LI).
249 951 343 998 lisa..
365 983 372 996 .
395 982 402 995 .
422 942 491 996 fidei
510 947 720 1012 transgressor,
741 941 832 996 verbo
852 983 858 996 .
881 983 887 996 .
910 983 916 997 .
937 946 1084 1005 versutus,
1105 940 1220 996 adulter
1236 939 1385 1011 publicus,

337 1027 471 1081 ecclesiis
489 1025 625 1089 malleus,
646 1025 709 1080 Deo
728 1043 845 1097 semper
863 1026 1005 1096 ingratus.
1045 1024 1138 1094 Quem
1156 1024 1247 1079 semel
1266 1039 1388 1079 exosum

339 1117 391 1165 aut
409 1109 550 1165 dilectum
568 1109 673 1164 habuit
685 1109 734 1164 vix
753 1109 791 1165 ad
808 1110 987 1165 eontrarium
1000 1109 1170 1165 flectebatur
1179 1107 1197 1173 ;¹
1210 1106 1388 1163 discordiam

339 1194 416 1249 inter
434 1194 510 1249 filios
530 1210 714 1263 summopere
733 1194 844 1258 fovens,
864 1190 1067 1248 solummodc’
1084 1209 1119 1246 ex
1144 1209 1246 1247 eorum
1263 1189 1389 1247 discidio

338 1294 440 1349 pacem
459 1295 580 1348 sperans
598 1277 763 1347 provenire.
786 1318 792 1331 .
815 1318 822 1331 .
844 1318 850 1331 .
871 1277 1045 1332 Hiberniam
1057 1277 1169 1348 potenti
1181 1276 1274 1331 classe
1287 1275 1388 1345 subju·
1400 1274 1434 1325 R
1447 1274 1565 1339 Higdo,

170 1375 275 1427 ΜΘ,
287 1376 317 1426 of
339 1362 430 1433 gavit.
468 1361 578 1432 'Capto
597 1377 668 1432 rege
679 1360 796 1426 Scotioe,
810 1378 937 1433 regnum
950 1360 1056 1417 Scotiee
1075 1402 1082 1416 .
1103 1401 1110 1416 .
1130 1402 1137 1415 .
1155 1377 1249 1431 usque
1261 1358 1388 1415 boriales
1401 1341 1451 1393 ⁰⁰L
1464 1345 1542 1392 ²³⁹²

170 1451 259 1522 ments
269 1444 300 1492 01⁴
340 1444 506 1500 Orchadum
525 1444 636 1499 insulas
655 1461 746 1515 regno
765 1462 818 1500 suo
838 1445 922 1515 quasi
941 1445 995 1499 sub
1019 1446 1188 1500 monarchia
1211 1442 1390 1514 adjiciebat.⁸

170 1511 213 1561 ¹¹¹⁸
224 1526 304 1574 ΜΨ·
340 1529 378 1583 In
403 1529 606 1584 transmarinis
636 1528 780 1598 partibus,
806 1535 914 1600 prater
938 1528 968 1584 N
970 1528 1159 1593 ormanniam,
1186 1527 1387 1598 Aquitaniam,

340 1612 552 1682 Andagaviam‚
574 1611 808 1676 cenomanniam,
824 1630 889 1683 quoe
908 1611 935 1666 ei
953 1612 1094 1683 paternali
1109 1613 1178 1683 jure
1196 1612 1388 1683 contigerant,

342 1696 504 1752 Pictariam
524 1713 639 1767 quoquc
665 1702 694 1750 et
713 1695 886 1751 Gasconiam
905 1714 999 1767 usque
1018 1695 1055 1750 ad
1072 1694 1219 1750 Pircnaeos
1238 1695 1389 1766 Hispania

342 1787 464 1841 montes,
486 1797 551 1851 quar
579 1779 605 1832 ei
633 1779 887 1834 matrimonialiter
912 1779 1096 1844 obvenerant,
1116 1778 1295 1843 Alverniam,
1320 1796 1389 1833 cum

342 1862 518 1935 quibusdam
542 1862 609 1917 aliis
628 1862 725 1925 terris,
747 1879 800 1919 suo
818 1862 978 1918 dominatui
1004 1862 1180 1933 subjiciebat
1206 1902 1324 1917 .....
1351 1862 1389 1917 In

340 1947 418 2003 hunc
437 1946 555 2018 qnidam
574 1963 660 2016 reges
673 1945 825 2017 Hispania
843 1946 880 2002 ad
898 1946 1039 2002 sedandas
1057 1947 1218 2002 discordias
1231 1963 1298 2002 snas
1310 1963 1389 2001 com·
1462 1979 1465 1984 -

341 2038 548 2109 promiserunt.
610 2027 675 2094 Sed
708 2035 820 2095 tamen
850 2052 870 2093 a
900 2030 979 2094 filiis
1011 2030 1151 2117 propriis
1181 2030 1298 2115 saepius
1327 2028 1389 2092 im·

341 2136 511 2216 pugnatus
545 2136 580 2195 et
610 2131 727 2198 infelix
762 2132 949 2212 deveniens,
981 2132 1109 2198 ultimis
1140 2132 1208 2197 suis
1241 2133 1389 2208 bannis,

340 2232 523 2298 rebellante
558 2232 729 2311 Hibernia,
752 2233 956 2310 Alverniam,
989 2233 1182 2312 Bituricam,
1207 2232 1390 2300 Cenoman-

342 2335 432 2398 niam
458 2339 491 2399 et
516 2334 704 2414 Turonium,
729 2357 803 2400 cum
827 2335 969 2401 castellis
992 2336 1114 2413 multis,
1142 2343 1257 2401 contra
1280 2357 1391 2422 regem
1463 2392 1470 2403 .

345 2435 502 2516 Franciae,
537 2441 576 2500 ut
609 2437 809 2524 praedicitur,
844 2438 991 2524 perdidit
1022 2443 1056 2503 et
1088 2438 1238 2525 seipsum.
1292 2439 1391 2502 Anno

177 2557 263 2638 Hugh,
344 2544 456 2603 autem
473 2536 568 2622 hujus
591 2539 677 2623 regis
700 2539 837 2604 Henrici
861 2543 911 2618 32,
935 2539 1036 2625 Hugo
1057 2561 1175 2626 genere
1199 2539 1392 2627 Burgimdio

176 2623 308 2741 fflfflf
344 2639 434 2725 prior
471 2640 511 2704 de
545 2638 715 2724 Wytham,
754 2641 878 2706 ordinis
916 2641 1165 2720 Canthusiensis,
1202 2643 1236 2707 in
1271 2641 1393 2729 Anglia

341 2740 443 2825 juxta
466 2740 691 2822 Saresbiriam,
715 2748 750 2808 et
772 2743 982 2809 cancellarius
1004 2745 1101 2832 regis,
1123 2745 1231 2810 metris
1253 2749 1304 2810 est
1325 2743 1394 2831 epi·

345 2863 460 2929 scopus
484 2843 730 2909 Lincolniensis.

357 3165 435 3233 cir.
461 3165 521 3231 XI.
545 3166 593 3231 Dc
618 3165 830 3233 cor-oratione
853 3166 941 3251 repis
964 3167 1135 3248 Ricardi;
1158 3176 1188 3234 ct
1211 3168 1251 3234 de
1273 3167 1385 3254 insor-

445 3267 546 3333 tuaio
568 3268 705 3334 Judeie
726 3268 769 3335 ia
791 3269 871 3356 ipae
892 3270 1106 3337 emanatione
1129 3271 1305 3337 accidente.

181 3454 251 3505 M),
265 3458 334 3504 1139,
383 3433 499 3487 Mortuo
519 3433 663 3503 siqnidem
684 3434 813 3489 Henrico
831 3452 902 3505 rege
919 3427 1051 3512 Anglire
1067 3432 1167 3514 patre,
1186 3428 1394 3514 Henricoque
1408 3446 1438 3496 le
1452 3446 1568 3510 Higden,

183 3537 331 3586 Succesrion
349 3524 568 3610 primogenito
592 3547 651 3589 suo
683 3531 762 3589 ante
796 3533 922 3612 putrem
958 3534 996 3592 ut
1028 3529 1223 3615 pradictum
1255 3535 1306 3594 est
1341 3515 1455 3594 de-⁰⁰¹·
1470 3518 1544 3564 ²⁴⁰¹·

182 3603 471 3717 ‘1'f¹³³⁰¹¹²¹¹'‘¹funct0,
504 3634 648 3688 Ricardus
671 3625 756 3689 alter
787 3627 875 3691 filius
899 3629 1035 3695 Henrici
1058 3631 1170 3716 patrie,
1195 3654 1301 3697 comes
1324 3630 1395 3696 Pic-

182 3707 243 3802 ὡς
256 3751 277 3800 t,
350 3727 461 3804 taviae,
486 3736 627 3791 successit
649 3728 744 3812 patri,
761 3755 813 3808 per
826 3739 860 3792 10
873 3756 961 3794 annos
974 3747 1158 3812 regnaturus.
1196 3741 1287 3813 Cujus
1299 3760 1395 3796 mores

185 3855 288 3904 ffiflfif,¹
351 3835 382 3883 ct
411 3836 493 3883 actus
525 3826 689 3897 Stephanus
721 3828 939 3885 cantuariensis
970 3833 1204 3905 archiepiscopus
1233 3834 1396 3888 luculenter

184 3921 284 3973 writer
296 3923 329 3984 by
351 3920 515 3990 descripsit.
554 3910 598 3973 Et
613 3912 693 3995 quia
715 3912 802 3976 idem
819 3913 979 3979 Ricardus
1002 3918 1150 4003 portavit
1170 3939 1262 3982 arma
1281 3923 1396 3982 contra

183 3987 338 4115 ffiffissfiop
350 4017 479 4096 patrem
502 4033 608 4088 suum,
623 4012 710 4078 infra
732 4020 800 4079 tres
815 4016 1016 4101 septimanas
1039 4024 1114 4105 post
1137 4025 1275 4084 mortem
1290 4019 1395 4105 patris

184 4121 325 4171 oruame-
351 4112 402 4176 sui
426 4113 467 4176 ab
490 4112 740 4201 archiepiscopis
763 4115 1019 4204 Rothomagensi
1046 4125 1080 4185 et
1104 4121 1334 4186 Cnntuariensi
1356 4120 1396 4184 de

185 4187 256 4252 ''¹²¹³''
351 4215 422 4300 ipso
445 4215 614 4280 commisso
638 4218 747 4282 iuerat
768 4219 945 4287 absolutus.
991 4222 1134 4288 Peractis
1157 4230 1270 4289 autem
1291 4222 1396 4288 omni·

385 4482 391 4512 ¹
414 4480 489 4541 Quen
508 4520 513 4530 .
533 4519 539 4532 .
558 4519 563 4531 .
582 4482 745 4551 ⁸flectebatur]
777 4487 848 4537 diffc·
932 4490 1013 4540 ¹'l'he
1035 4502 1210 4557 anangement
1230 4494 1261 4544 of
1278 4494 1320 4545 the
1342 4509 1398 4545 sen·

351 4562 434 4625 rently
445 4562 531 4625 placed
543 4561 570 4609 in
582 4563 608 4611 J.
621 4564 650 4614 B.
899 4576 972 4619 tence
982 4568 1005 4618 is
1016 4569 1131 4622 different
1142 4573 1168 4621 in
1181 4572 1292 4637 Higdea

385 4642 394 4671 ²
411 4637 563 4706 solummodo]
583 4641 664 4691 selum
676 4642 733 4705 sibi,
744 4644 771 4696 J.
782 4644 812 4694 B.
