3232 5692
503 809 688 859 PIllLlPPUS
711 808 820 859 ABBAS
842 808 1033 860 SECUNDUS.
1229 793 1291 856 169

249 1006 357 1068 quam,
381 983 492 1070 paucis
526 985 622 1048 terris
656 984 888 1059 mediantibus
910 1007 931 1048 a
956 988 1050 1069 parte
1081 981 1296 1057 meridionali,
1307 982 1376 1034 AD·
1391 988 1454 1033 neo

252 1086 416 1151 Humbn'a
438 1081 592 1151 etvetus
615 1086 763 1164 Hullum,
787 1092 915 1151 torrens
937 1085 1069 1170 quidam
1094 1055 1399 1183 wapintagiaffleffl·

251 1188 311 1253 de¹
336 1188 555 1253 Holdernesse
585 1201 620 1253 et
654 1188 832 1274 Herthylle
863 1187 1016 1253 dividens
1047 1186 1256 1251 immediatus
1277 1198 1409 1277 aspicient

251 1295 345 1377 prante
369 1290 575 1368 occidentali,
597 1291 779 1378 cinguntz²
813 1295 848 1356 et
880 1290 923 1355 ad
946 1289 1165 1355 Holdernesse
1198 1281 1376 1374 perti-‘¹ver
1386 1265 1457 1315 nau.

250 1394 362 1459 nebat.
408 1393 482 1470 Sed,
520 1393 598 1480 quia-
635 1416 759 1458 novum
791 1392 932 1457 Hullmn
965 1416 986 1457 a
1019 1398 1113 1478 parte
1147 1389 1299 1456 orientali

251 1496 353 1581 ipsius
379 1496 456 1560 Wik
489 1495 594 1561 indies
624 1494 810 1574 erescebat,³
833 1518 983 1582 processu
1014 1494 1170 1582 temporis
1202 1498 1299 1558 vetus

253 1598 392 1662 Hullum
429 1597 661 1665 obstructum⁴
696 1599 756 1663 vix
794 1621 918 1665 sewera
954 1597 1068 1664 valet⁵
1104 1597 1297 1683 nuncupari.

253 1700 280 1764 F
281 1706 391 1764 aetrun
414 1723 491 1787 ergo
523 1708 573 1767 est
603 1706 644 1766 ut
673 1702 781 1788 ipsum
815 1724 939 1767 novum
972 1700 1120 1778 Hullum,
1144 1700 1233 1786 quod
1255 1699 1298 1764 ab
1310 1700 1442 1765 Formerly

252 1802 390 1888 antiquo
406 1802 593 1889 Sayeroryk
608 1804 804 1884 dicebatur,⁰
819 1805 940 1869 fluvius
960 1826 1105 1890 magnus,
1121 1802 1260 1890 *patrias
1270 1802 1278 1833 '
1285 1799 1298 1837 ⁷
1310 1768 1391 1898 ἓξὲξ

254 1904 473 1970 Holdernesse
495 1914 529 1971 et
553 1906 729 1992 Herthylle
752 1928 840 1972 nune
862 1906 1001 1987 dividat,
1019 1910 1060 1971 ut
1081 1906 1190 1993 ipsum
1206 1904 1299 1990 Wyk
1312 1901 1400 1953 cteela

253 2007 343 2073 intra
368 2007 492 2073 limites
523 2009 564 2073 de
599 2007 776 2094 Herthylle
810 2008 930 2074 debeat
963 2008 1155 2095 computari.
1201 2007 1299 2071 Nunc

253 2114 365 2175 autem
387 2111 459 2197 ipsa
488 2111 628 2198 grangia
657 2117 809 2177 vastatur
840 2112 983 2191 omnino,
1007 2117 1041 2176 et
1072 2112 1107 2175 in
1130 2110 1299 2197 planitiem

255 2212 423 2298 eujusdam
446 2214 542 2300 prati,
573 2215 681 2280 adhuc
705 2213 922 2301 Grangwyk⁸
951 2215 1142 2301 nuncupati,
1169 2213 1302 2278 redacta

255 2316 452 2402 conspicitur
473 2318 508 2381 in
531 2319 696 2404 praesenti.
743 2319 877 2383 Novum
907 2323 1019 2383 autern
1049 2317 1232 2383 manerium
1258 2315 1302 2381 ad

255 2418 383 2483 easdem
407 2425 511 2484 terras
533 2419 711 2506 pertinens,
733 2420 769 2484 in
794 2420 899 2485 altero
921 2421 991 2485 loco
1013 2420 1049 2486 in
1072 2420 1239 2485 territorio
1261 2418 1301 2483 de

256 2521 396 2607 ilytona
417 2523 588 2599 situatum,
610 2520 834 2609 Tuppcottes⁰
856 2523 1049 2609 appellatur.
1095 2522 1160 2587 Pro
1183 2520 1302 2606 quibus

255 2623 387 2708 quidem
411 2625 508 2689 torris
530 2630 565 2689 et
586 2625 786 2689 tenementis
805 2625 842 2688 in
870 2625 1010 2710 Mytoua
1031 2630 1066 2689 et
1088 2625 1123 2688 in
1146 2624 1246 2710 Wyk,
1268 2630 1303 2689 ot

256 2725 329 2789 aliis
353 2726 448 2790 terris
470 2731 584 2811 postea
606 2727 785 2813 acquisitis,
802 2726 952 2793 dedimus
968 2727 1105 2792 diversis
1126 2721 1302 2814 pervices,

256 2833 375 2914 praeter
401 2828 568 2894 escambio
599 2834 768 2907 terrarum,
796 2835 928 2895 centum
962 2830 1062 2897 libras
1096 2836 1132 2895 et
1162 2829 1303 2915 amplius

256 2930 497 3017 sterlingorum.
543 2931 595 2997 De
615 2932 735 3017 quibus
750 2932 920 2997 escambiis
942 2932 977 2996 in
1001 2933 1070 2997 suis
1089 2933 1169 2997 locis
1191 2936 1304 3019 postes

256 3033 425 3098 referetur.
473 3034 546 3114 Quo
580 3039 726 3120 tempore
757 3034 955 3099 Willielmus
984 3035 1026 3100 de
1057 3033 1248 3120 Statevylla
1269 3040 1303 3099 et

258 3135 454 3201 Benedictus
477 3136 517 3200 de
541 3135 715 3215 Sculeotes,
739 3137 894 3202 facientes
924 3137 1048 3202 fossata
1073 3138 1116 3202 ad
1138 3137 1302 3202 exsiccan-

257 3238 337 3302 dum
360 3239 534 3303 mariscum
557 3238 598 3303 de
622 3237 842 3325 Ootyngham,
864 3239 1043 3325 maximam
1069 3244 1198 3325 partem
1220 3262 1305 3304 com-

258 3341 367 3405 munis
389 3345 532 3427 pasturae
556 3340 597 3405 do
621 3340 763 3426 Mytona
785 3347 820 3407 et
835 3342 1018 3407 vicinarum
1033 3342 1189 3407 villarum
1212 3365 1306 3408 occu·

258 3449 388 3528 piarunt.
435 3444 552 3509 Postea
582 3450 700 3522 autem,
723 3445 873 3510 dedimus
904 3444 1009 3510 dietas
1030 3450 1135 3511 terras
1158 3451 1193 3511 et
1215 3451 1304 3510 tene·

144 3565 148 3575 ·
258 3551 372 3610 menta
393 3546 429 3609 in
453 3547 592 3631 Mytona
614 3553 649 3612 et
664 3547 755 3632 Wyk
770 3547 902 3612 domino
917 3548 988 3634 regi
1003 3548 1167 3613 Edwardo
1190 3543 1413 3635 primas-²111·

258 3647 294 3711 in
317 3648 514 3714 escambium
546 3671 605 3735 pro
638 3649 712 3715 aliis
743 3651 862 3733 terris;
886 3656 924 3716 ut
957 3651 994 3714 in
1016 3657 1162 3740 tempore
1185 3652 1305 3740 Rogeri

258 3748 388 3815 abbatis
423 3754 464 3817 13
499 3757 613 3838 postea
643 3751 837 3818 referetur.¹⁰
896 3754 1095 3820 Benedictus
1131 3766 1241 3822 autem
1264 3755 1305 3821 de

300 3939 319 3944 -
326 3938 511 3946 ...—.——-

294 4033 301 4063 ¹
320 4032 472 4100 wapintupia
483 4032 525 4106 de]
546 4034 661 4101 wanting
671 4033 699 4085 in
710 4036 739 4087 P.
840 4040 851 4068 ⁹
872 4037 1033 4106 Tnppcolter]
1052 4039 1202 4106 Tuppootes,
1214 4041 1244 4092 Ρ.

296 4113 435 4178 '‘cinpunt]
455 4112 603 4173 circuibant,
614 4115 645 4164 P.
841 4118 859 4148 ¹⁸
876 4117 966 4168 Postea
976 4128 1057 4170 nrum
1073 4157 1079 4171 .
1098 4157 1104 4170 .
1121 4157 1129 4173 .
1147 4158 1153 4171 .
1171 4121 1303 4187 reseretur]

294 4196 304 4222 ³
320 4191 457 4258 crescebat]
477 4194 655 4253 crebrescebat,
667 4195 697 4245 Ρ.
808 4197 921 4263 wanting
932 4198 960 4248 in
974 4200 1013 4260 Ρ.,
1032 4201 1078 4250 but
1096 4200 1181 4250 which
1200 4201 1246 4252 has
1263 4201 1306 4250 the

296 4270 483 4338 *obstructum
502 4274 645 4324 obstructus
664 4274 692 4324 in
712 4273 763 4335 E.;
808 4277 940 4343 following
951 4287 1075 4337 sentence,
1087 4260 1201 4345 wanting
1220 4281 1246 4330 in
1263 4280 1306 4330 the

263 4350 377 4415 wanting
390 4350 415 4399 in
428 4351 458 4402 P.
809 4356 919 4421 Eget-ton
932 4357 988 4409 MS.
1003 4378 1010 4409 :
1030 4363 1046 4387 “
1055 4359 1131 4411 Pater
1141 4367 1225 4410 autem
1242 4375 1307 4425 pra·

296 4429 401 4497 reales]
420 4438 525 4495 poterat,
536 4431 566 4481 Ρ.
809 4436 926 4499 “scripti
958 4435 1064 4489 Roberti
1086 4439 1117 4488 de
1148 4440 1230 4490 Melea
1258 4439 1308 4489 fuit

296 4509 410 4574 ‘quod
432 4547 439 4561 .
457 4547 464 4560 .
481 4509 621 4577 dicebatur]
652 4512 766 4578 wanting
809 4517 825 4542 ‘⁴
842 4515 1062 4581 JohanneaeuJus
1074 4518 1251 4583 patrimonium
1260 4519 1309 4568 fuit

264 4590 291 4640 in
303 4588 334 4640 Ρ.
809 4599 824 4622 “
841 4594 896 4658 ipsa
915 4596 1016 4655 Melam
1034 4598 1065 4647 de
1082 4613 1188 4663 qnorum
1203 4613 1308 4662 genera·

299 4673 307 4699 ²
325 4670 553 4737 mepanapauina]
573 4671 686 4738 wanting
695 4671 723 4721 in
735 4673 765 4723 P.
808 4678 824 4703 ⁴⁴
842 4673 910 4724 tione
921 4674 1033 4740 superius
1043 4678 1219 4729 memoratur.’'

299 4750 309 4780 ⁸
328 4749 482 4817 Groapwyk]
502 4751 690 4817 Graungewyk,
702 4752 732 4805 1'.
