3232 5692
502 794 641 847 raonis
663 795 771 844 sauss
792 796 948 850 marrus.
1180 785 1245 849 233

204 967 282 1053 quia
313 965 497 1032 culturam¹
530 965 584 1030 vel
606 988 637 1028 x.
660 963 762 1028 libras
790 964 939 1030 redditus
961 971 1003 1042 et,
1026 972 1145 1052 praeter
1167 965 1245 1042 haec,
1260 974 1327 1023 AJ).
1343 979 1405 1026 1182

204 1091 315 1135 omnes
326 1076 430 1134 terras
442 1072 571 1132 nostras
585 1066 674 1152 apud
690 1065 916 1130 Wharromam
933 1068 978 1132 sic
993 1068 1247 1154 perdideramus,
1259 1045 1350 1091 '¹¹⁹⁷’

203 1176 277 1236 tum
300 1172 378 1258 quia
411 1171 485 1235 aliae
514 1175 611 1233 terrae
635 1168 816 1232 cultoribus
839 1168 907 1233 suis
929 1169 996 1233 illis
1019 1169 1136 1233 diebus
1162 1168 1248 1233 male

204 1274 453 1359 responderunt,
484 1271 672 1335 intantum
695 1275 734 1334 ut
756 1292 861 1334 unum
883 1270 1065 1335 sextarium
1088 1270 1248 1335 frumenti

203 1375 365 1461 peridem
387 1380 517 1459 tempus
533 1371 614 1459 pro⁹
636 1393 691 1435 xx„
708 1372 829 1449 solidis,
845 1377 880 1437 et
894 1372 1023 1437 unum³
1046 1374 1247 1458 quarterium

204 1499 263 1563 pro
286 1499 353 1541 una
383 1497 500 1550 marca,
523 1474 731 1551 venderetur,
754 1480 789 1539 et
816 1496 885 1554 nos,
908 1475 1047 1560 pecunia
1076 1475 1248 1539 deficiente

203 1585 239 1643 et
270 1579 406 1665 penuria
437 1576 637 1653 abundante,
672 1576 779 1640 multa
810 1578 955 1641 sextaria
986 1576 1122 1642 mercari
1153 1577 1352 1663 opor-12²⁶-

203 1680 318 1759 tebat;
342 1686 376 1744 et
399 1680 533 1744 interim
555 1678 677 1743 etiam⁴
699 1683 862 1743 trecentas
885 1701 1009 1743 marcas
1031 1677 1093 1743 ⁶in
1108 1679 1248 1765 pecunia

203 1788 238 1846 et
259 1782 378 1858 valore,
401 1780 555 1845 videlicet
577 1780 613 1843 in
635 1779 728 1858 lanis,
752 1779 915 1857 calicibus,
931 1786 965 1845 et
987 1781 1060 1844 aliis
1083 1779 1247 1845 thesauris

203 1889 237 1948 et
259 1883 356 1948 rebus
379 1881 524 1960 nostris‚⁵
546 1883 588 1947 ad
618 1881 876 1967 redemptionem
899 1884 986 1969 regis
1008 1883 1140 1947 Ricardi
1167 1888 1247 1947 tunc

203 1986 364 2071 captivati
396 1985 597 2050 dederamus.
659 1982 785 2048 Iterum
824 2005 901 2071 ergo
939 1985 1137 2072 dispergitur
1174 2006 1248 2050 con·
1261 1997 1410 2061 Dispersion

203 2093 323 2152 ventus
345 2110 403 2174 per
437 2087 567 2151 diversa
600 2085 726 2150 ordinis
758 2086 966 2166 monasteria,
989 2087 1048 2151 ubi
1071 2109 1130 2173 per
1151 2087 1248 2172 quin·
1259 2063 1357 2182 m,

204 2189 308 2254 decim
353 2211 480 2252 menses
519 2188 612 2274 quasi
650 2188 875 2253 mendicantes
912 2188 1045 2253 tandem
1090 2189 1247 2255 sueruut⁰

202 2291 354 2356 revocati.
402 2291 446 2354 Et
481 2290 516 2352 in
547 2289 655 2353 medio
693 2294 839 2375 tempora
873 2311 938 2374 quo
970 2297 1152 2355 conventus
1183 2290 1248 2354 dis-

203 2413 316 2477 persus
338 2389 426 2469 fuit,⁷
456 2413 493 2454 ac
522 2391 550 2454 si
574 2391 711 2455 Domini
740 2392 824 2454 iram
854 2391 1111 2467 incurrissemus,
1133 2413 1248 2478 appre-

203 2494 318 2558 hendit
341 2492 575 2557 monasterium
598 2492 689 2556 aliud
718 2493 945 2557 infortunium.
992 2492 1074 2578 Igne
1104 2516 1247 2579 namque
1261 2503 1399 2582 Qomump

203 2602 369 2680 arreptum
414 2605 465 2658 est
510 2593 735 2657 molendinum
780 2604 940 2670 nostrum,
985 2594 1021 2658 in
1065 2616 1130 2680 quo
1175 2571 1418 2703 crat{1¹1‘}1¹}1‘‚'}}1¹}{⁸

202 2697 401 2782 granarium,
425 2698 558 2759 centum
592 2700 651 2758 aut
674 2716 712 2759 eo
743 2695 885 2780 amplius
908 2696 1080 2760 continens
1102 2696 1248 2761 sextaria

203 2797 303 2876 bladi,
327 2804 361 2862 et
391 2797 562 2863 combusta
592 2801 669 2861 sunt
700 2797 810 2862 omnia
832 2797 965 2883 penitus
987 2804 1021 2863 et
1044 2805 1248 2885 consumpta.

204 2899 270 2964 Sed
304 2897 415 2964 Deus⁸
446 2899 582 2963 tandem
616 2898 760 2984 respexit
791 2897 1002 2963 afflictionem
1035 2905 1181 2965 nostram
1213 2906 1407 2964 etArrisrance

203 3003 355 3066 misertus
386 3006 437 3065 est
467 3001 581 3078 nostri,
603 3000 757 3084 misitque
790 3000 885 3065 nobis
914 3002 1141 3087 praescriptum
1165 2975 1403 3094 Wil-ffffiffl

203 3100 372 3168 lielmum⁹
409 3101 450 3164 de
488 3100 581 3176 Rule,
618 3121 786 3185 personam
824 3101 864 3164 de
899 3101 1108 3188 Cotyngham
1140 3110 1174 3168 et
1207 3104 1248 3169 de

204 3205 296 3282 Rule,
320 3204 377 3289 qui
407 3203 444 3266 in
466 3202 703 3278 infirmitatem,
726 3202 814 3267 unde
845 3208 879 3267 et
908 3210 1058 3269 mortuus
1081 3211 1137 3282 est,
1161 3205 1248 3270 deci·

204 3306 293 3383 dens,
309 3305 415 3370 factus
438 3305 525 3390 apud
541 3324 601 3367 nos
616 3303 774 3380 novicius,
789 3303 960 3390 plusquam
976 3306 1133 3372 ducentas
1149 3307 1248 3372 libras

203 3408 333 3494 argenti
367 3429 476 3471 secum
514 3405 679 3469 afferebat.
733 3407 782 3469 At
826 3411 906 3471 tunc
943 3415 1125 3473 conventus
1156 3417 1391 3474 revo-Recallof

203 3517 294 3576 catus
316 3507 405 3574 est.¹⁰
450 3507 591 3571 Thomas
613 3506 716 3591 igitur
745 3507 854 3586 abbas,
880 3509 937 3593 qui
960 3510 1154 3575 mitissimus
1177 3484 1372 3599 emcssssssffl·

203 3619 238 3677 et
267 3615 465 3687 mansuetus,
491 3609 583 3672 etin
609 3608 751 3671 claustro
776 3609 880 3694 magis
906 3616 1064 3696 expertus
1088 3634 1186 3697 quam
1212 3613 1248 3676 in
1259 3627 1383 3693 Benigni-

204 3714 302 3789 curia,
324 3711 523 3797 praescriptis
546 3708 641 3773 malis
664 3709 809 3794 undique
831 3712 1049 3797 perturbatur,
1066 3695 1355 3800 vidensque¹³⁰¹¹⁰f

204 3814 385 3900 periculum
415 3813 504 3896 quod
534 3811 604 3896 ipse
635 3810 836 3876 insufficiens
866 3818 937 3876 erat
970 3814 1146 3899 propellere
1179 3838 1248 3881 mo
1260 3761 1379 3880 iiiia
1437 3890 1439 3894 ἱ

238 4123 246 4154 ¹
263 4119 380 4170 culturam
402 4157 407 4168 .
426 4156 432 4168 .
450 4156 457 4169 .
476 4155 482 4168 .
504 4117 700 4183 perdideramus]
784 4122 793 4149 ⁸
802 4120 922 4184 suerunt]
942 4136 1037 4183 sumus,
1046 4121 1076 4170 P.

204 4198 354 4263 sentiaris
366 4198 394 4246 P·
783 4216 843 4265 'nr
854 4218 879 4264 a
897 4254 903 4266 .
921 4254 928 4267 .
946 4254 953 4268 .
962 4219 1032 4283 fua]
1052 4219 1248 4272 messmam-

237 4283 247 4310 ²
259 4279 320 4344 ΡΝ]
340 4278 453 4368 'minii
464 4276 531 4367 intp·
750 4310 809 4359 pore
820 4310 870 4358 quo
880 4295 985 4359 dispersi
995 4297 1095 4358 fuimus,
1107 4297 1137 4348 P.

238 4357 348 4421 ¹unum]
368 4365 481 4420 wanting
492 4371 519 4404 m
530 4355 559 4404 P.
782 4397 792 4425 ⁸
813 4395 837 4444 D
912 4398 936 4445 D
972 4404 1043 4448 {tam
1097 4399 1117 4448 P

238 4437 340 4487 ‘Alter
357 4438 428 4485 eliam
444 4436 522 4485 insert
548 4435 576 4483 in
596 4434 660 4484 lauis
679 4441 704 4483 et
837 4397 891 4509 eii]
937 4413 981 4447 ω’
1044 4415 1084 4512 ‘f’
1117 4437 1124 4451 ⁸

205 4520 280 4567 rehu,
291 4517 355 4577 affin,
366 4516 396 4565 p,
783 4500 793 4527 ⁹
816 4495 977 4563 Wellrelmum]
997 4508 1108 4564 wanting
1120 4502 1146 4551 iu
1158 4503 1188 4553 P.

237 4597 291 4644 'in
316 4596 422 4660 pecunia
439 4629 447 4644 .
465 4630 471 4642 .
489 4630 520 4643 ..
547 4592 648 4658 nostris]
679 4599 705 4643 ct
785 4590 803 4619 ¹⁰
821 4591 995 4657 mmm]
1014 4594 1206 4659 wantinginP.

205 4675 276 4740 quasi
287 4690 374 4726 eorum
385 4673 503 4730 valorem,
515 4672 544 4722 P.
