3232 5692
568 801 754 851 namneus
776 800 883 850 assas
905 765 1094 849 snousnus.
1291 783 1356 847 203

313 983 350 1039 da
367 980 570 1038 transmarinis
589 980 771 1037 inundando.
817 972 959 1037 Demum
982 978 1208 1036 monasterium¹
1233 978 1357 1034 Carthn·
1371 978 1439 1029 M).
1450 980 1527 1030 1172-

314 1076 420 1132 siensis
438 1073 549 1131 ordinis
567 1073 645 1146 apud
657 1074 797 1144 Wytham
811 1075 897 1146 juxta
916 1073 1104 1130 Sarisbiriam
1122 1071 1238 1126 exiliter
1250 1069 1359 1125 instau-
1375 1049 1446 1097 ¹¹⁷⁴·

315 1169 402 1224 ravit.
457 1158 574 1246 Igitur,
609 1180 684 1223 cum
719 1159 759 1222 de
793 1163 883 1223 terra
920 1157 964 1222 ad
986 1156 1168 1222 Dominum
1204 1153 1361 1219 clamaret
1394 1207 1397 1212 .

224 1308 229 1317 ·
316 1267 429 1327 sanda
451 1267 557 1327 mater
579 1260 712 1327 ecclesia
744 1282 803 1347 pro
825 1261 952 1325 ultione
985 1257 1171 1328 innocentis
1193 1256 1362 1342 sanguinis

316 1365 451 1429 Thomae
474 1363 718 1451 archiepiscopi,
742 1363 863 1443 subit0,
887 1368 1002 1428 contra
1016 1382 1107 1448 spem
1122 1360 1279 1439 omnium,
1295 1377 1362 1443 pax

316 1468 471 1534 universa
486 1468 707 1547 confunditur,
723 1472 757 1532 et
771 1467 892 1533 bellum
909 1466 1014 1532 oritur
1028 1465 1233 1530 intestinum.
1272 1462 1364 1526 Hen-
1376 1473 1507 1524 Reteuion

317 1571 404 1635 ricus
435 1593 495 1634 rex
524 1570 638 1655 junior
672 1590 849 1655 omnesque
883 1568 950 1634 fere
988 1567 1070 1655 regii
1107 1566 1169 1631 filii
1207 1563 1366 1629 adversus
1377 1540 1464 1671 ἓξὲξ

318 1678 445 1758 patrem
483 1695 580 1737 suum
617 1672 877 1737 insurrexerunt.
938 1670 1129 1736 Lodowicus
1167 1668 1268 1733 etiam
1306 1687 1365 1731 rex
1378 1688 1443 1724 sons.

319 1775 475 1851 Franciae,
499 1775 592 1860 cujus
613 1795 756 1839 sororem
780 1774 942 1840 Henricus
973 1794 1032 1838 rex
1058 1771 1172 1857 junior
1195 1769 1367 1856 desponsa·

318 1877 377 1971 pit,
401 1899 508 1942 comes
542 1876 706 1941 Flandriae
741 1881 776 1942 et
807 1899 911 1942 comes
942 1876 1111 1951 Blesensis,
1134 1873 1170 1937 in
1204 1871 1366 1937 auxilium

320 1979 456 2044 Henrici
479 1979 565 2063 regis
582 1979 725 2064 junioris
748 1978 906 2044 adversus
927 1982 1056 2065 patrem
1071 1997 1182 2062 regem
1205 1975 1365 2040 seniorem

318 2080 530 2157 rebellantis,²
568 2078 721 2146 civitates
753 2086 788 2146 et
821 2070 1025 2146 munitiones
1062 2079 1099 2143 in
1136 2075 1366 2143 transmarinis

319 2183 469 2271 partibus
500 2204 704 2269 regnumque
739 2182 771 2247 ei
801 2183 928 2247 auferre
960 2180 1163 2246 nitebantur.
1221 2179 1275 2243 Ex
1306 2177 1367 2243 hoc
1381 2188 1529 2254 Normandy

319 2307 397 2372 ergo
411 2285 524 2350 hostili
537 2284 649 2371 gladio
664 2284 873 2349 Normannia
894 2284 1042 2349 traditur
1055 2281 1212 2348 ferienda.
1258 2280 1366 2360 Quam
1381 2255 1488 2387 {gliffi

319 2392 435 2453 tantus
466 2387 557 2452 furor
590 2408 669 2450 mox
700 2387 825 2451 invasit
858 2386 937 2452 belli
960 2391 998 2450 nt
1028 2406 1096 2449 non
1127 2383 1277 2458 ecclesiis,
1300 2404 1368 2448 non
1517 2391 1520 2397 '

319 2490 478 2555 ministris
511 2488 745 2565 ecclesiasticis,
769 2489 871 2554 etiam
903 2488 991 2553 inter
1021 2508 1113 2552 saera
1137 2483 1258 2550 'altaris
1280 2506 1368 2571 mys-

320 2593 410 2669 teria,
444 2593 642 2678 parceretur.
701 2590 790 2654 Nam
823 2590 983 2655 altaribus
1015 2592 1180 2654 astantem
1210 2587 1246 2653 in
1276 2592 1369 2653 veste

308 2717 410 2766 sacra
432 2692 636 2778 sacerdotem
659 2693 833 2758 dicebatur
855 2691 957 2757 fuisse
979 2692 1022 2757 ab
1038 2690 1148 2777 impiis
1166 2689 1368 2777 jugulatum,

257 2830 266 2847 ·
323 2797 493 2883 multaque
516 2796 582 2860 alia
604 2796 768 2860 horrenda
789 2795 888 2860 nimis
903 2801 938 2860 et
952 2793 1103 2859 inaudita
1117 2798 1197 2858 tunc
1214 2792 1371 2878 temporis

324 2905 403 2964 sunt
433 2903 628 2985 perpetrata.
684 2897 809 2985 Anglia
841 2897 978 2984 proinde
1008 2896 1207 2962 contremuit
1229 2899 1264 2961 et
1286 2910 1514 2979 com-Theling

325 3007 416 3067 mota
438 3006 498 3080 est,
521 3007 555 3066 et
577 3022 636 3086 pro
659 3021 697 3064 eo
719 3000 882 3087 praecipue
905 2999 994 3086 quod
1016 3021 1076 3064 rex
1098 2998 1218 3064 Scotiae
1233 2978 1529 3097 williel-Q&

325 3127 398 3169 mus
421 3104 551 3188 duoque
575 3103 709 3168 comites
733 3103 871 3169 Cestriae
894 3107 929 3167 et
944 3102 1141 3167 lancestriae
1156 3101 1199 3165 ad
1214 3100 1371 3187 Angliam
1383 3061 1504 3176 quiiters.

326 3205 458 3271 interim
482 3204 722 3269 devastandam
745 3226 779 3269 se
802 3209 1039 3291 praepararunt.
1086 3202 1315 3290 Regionesque
1337 3206 1372 3267 et

326 3307 513 3395 provinciae,
536 3306 649 3392 populi
673 3305 774 3371 etiam
797 3312 866 3370 tam
890 3307 943 3370 sui
965 3327 1063 3391 quam
1085 3305 1193 3382 alieni,
1216 3305 1373 3374 adversus

326 3410 431 3475 solum
455 3413 581 3495 patrem
596 3429 707 3495 regem
722 3430 814 3472 arma
829 3413 1014 3485 moverunt,
1030 3413 1069 3473 ut
1092 3412 1190 3473 terrae
1212 3406 1373 3493 siquidem

326 3513 424 3599 regiae
439 3511 591 3576 hostibus
613 3510 818 3576 circumfusis
839 3510 876 3574 in
899 3531 981 3597 gyro
1003 3509 1095 3576 intus
1117 3509 1243 3588 divisa,
1259 3509 1374 3575 morti-

325 3615 402 3679 feris
425 3614 531 3699 plenae
546 3612 770 3690 seditionibus,
788 3613 867 3676 dum
890 3611 945 3676 ille
967 3613 1072 3698 patris
1086 3612 1150 3678 iste
1165 3612 1226 3677 filii
1242 3632 1372 3677 causam

326 3715 571 3800 contenderetj
613 3714 739 3791 tionem,
762 3713 847 3778 nihil
868 3713 935 3778 nisi
956 3714 1106 3802 generale
1129 3715 1294 3780 excidium
1316 3738 1371 3781 ex-

325 3817 513 3906 pectabant.
569 3816 729 3903 Denique,
753 3817 901 3882 conscius
925 3816 989 3881 sibi
1011 3838 1070 3882 rex
1092 3817 1162 3904 ipse
1183 3823 1278 3904 pater
1300 3839 1540 3911 san-flemdoe,

326 3921 437 4010 guinis
468 3920 653 3986 innocentis
684 3920 798 3985 Sancti
820 3918 955 3985 Thomae
986 3920 1144 4006 martyris
1177 3942 1275 3986 causa
1303 3921 1531 4002 suael'*³¹¹²¹²⁰{³⁸t

326 4023 555 4090 commotionis
569 4022 674 4101 effusi,
698 4027 830 4088 ostenso
868 4021 932 4087 sibi
967 4021 1098 4087 coelitus
1128 4046 1187 4111 per
1209 4024 1370 4089 visionem
1384 3977 1502 4097 diiii?

326 4147 395 4192 non
421 4147 489 4191 esse
523 4125 616 4189 aliud
647 4125 713 4190 iter
744 4123 933 4190 obtinendae
966 4124 1057 4212 pacis
1089 4125 1154 4191 nisi
1188 4127 1317 4215 placato
1340 4132 1374 4191 et

326 4228 537 4295 reconciliato
568 4228 639 4315 ipso
662 4226 789 4293 Thema
810 4231 957 4315 martyre
979 4233 1101 4311 sancto,
1124 4253 1144 4295 a
1166 4229 1374 4298 Normannia

326 4332 360 4396 in
379 4354 445 4418 qua
458 4336 538 4397 tunc
552 4331 663 4397 fervor
677 4329 928 4396 debacchantis³
943 4331 1129 4399 rebellionis
1145 4332 1268 4412 extitit,
1283 4333 1374 4401 illam

328 4434 413 4501 sicut
436 4439 470 4500 et
493 4434 574 4500 alias
596 4439 701 4499 terras
724 4456 800 4499 suas
822 4435 1061 4500 transmarinas
1082 4435 1154 4503 Deo
1178 4442 1213 4503 et
1235 4439 1374 4525 martyri

363 4651 569 4717 'marium
588 4650 741 4713 demumst&
753 4651 788 4701 Η.
910 4651 1120 4719 'detwtaadsJ
1139 4655 1357 4720 damasus.

362 4735 373 4763 ²
389 4729 540 4796 rebellantis]
559 4730 708 4782 rebellantes
719 4729 747 4779 in
759 4729 816 4780 MS.
