3232 5692
321 756 385 819 248
616 771 758 819 raom
778 768 888 817 annas
908 763 1063 814 ramus

155 948 222 998 ΑΒ·
238 949 401 1012 ¹¹⁹⁰·dens
422 954 619 1033 potestatem
645 949 772 1034 plebem
795 949 963 1034 depremit.
1008 943 1219 1010 Menanteriis
1248 945 1368 1006 autern

319 1051 514 1115 vacantibus
535 1051 654 1115 fratrea
683 1073 758 1115 suos
789 1058 825 1115 et
847 1058 984 1137 nepotas
1004 1051 1167 1114 violenter
1200 1044 1367 1111 intrusit:

319 1173 393 1216 eum
415 1152 558 1216 baroniis
591 1160 627 1217 et
655 1153 867 1218 comitatibus
899 1161 997 1219 terrie
1030 1173 1155 1216 sorores
1176 1156 1211 1215 et
1246 1152 1368 1233 neptas

319 1277 395 1319 suas
416 1256 596 1329 maritavit,
619 1256 778 1341 regnique
807 1256 947 1339 majores
967 1256 1032 1320 sibi
1053 1254 1169 1320 affines
1190 1248 1368 1315 afficiebat.

152 1359 274 1410 naemu
320 1359 410 1423 Ilato
441 1360 541 1423 etiam
572 1381 639 1423 uon
672 1359 800 1424 modico
821 1362 928 1446 pretio
960 1361 1033 1423 auri
1065 1359 1165 1424 cnriae
1189 1356 1365 1431 Romame,
1455 1404 1462 1417 .

155 1426 279 1488 ’μή
319 1467 360 1525 ut
391 1461 473 1524 nulli
510 1467 595 1525 esset
628 1460 763 1525 inferior
794 1463 937 1526 elatione
970 1462 1025 1526 vel
1055 1461 1229 1546 dignitate,
1270 1457 1362 1541 lega·

155 1574 262 1639 fliaop
319 1565 441 1628 tionem
476 1563 580 1626 totius
615 1562 743 1648 Angliae
775 1563 915 1650 adeptus
945 1570 1006 1629 est.
1051 1563 1125 1642 Qua
1156 1562 1205 1626 ita
1237 1561 1364 1625 abusus

154 1643 379 1773 ffixfest,
400 1664 488 1750 quod
523 1665 712 1729 immuniter
732 1675 1012 1745 clerumoppresait.
1035 1671 1138 1751 atque
1160 1686 1234 1728 cum
1256 1668 1368 1748 potes-
1381 1654 1556 1775 ἓξὲξ·

319 1773 390 1832 lale
412 1768 500 1852 regia
522 1774 683 1828 Romanam
700 1774 854 1829 ostendens
872 1778 1075 1831 auctoritatem
1093 1794 1159 1830 cum
1180 1773 1264 1828 mille
1282 1773 1369 1843 equis

319 1867 503 1938 procedebat,
540 1866 715 1919 monasteria
749 1864 1011 1921 contributionibus
1047 1874 1077 1921 et
1118 1864 1369 1935 hospitationibus

320 1958 471 2028 gravabat.
516 1949 664 2013 Alseute
692 1947 931 2033 archiepiscopo
953 1946 1185 2012 cantuariensi
1219 1952 1254 2010 et
1288 1968 1366 2010 cum

319 2072 395 2135 rege
427 2050 580 2135 prolecto,
604 2056 639 2114 et
670 2049 745 2114 aede
776 2048 970 2113 Eboraoensi
1004 2053 1153 2123 vacante,
1184 2054 1368 2133 utramque

319 2151 428 2216 sedem
451 2152 737 2237 metropolitanam
765 2151 809 2214 ad
837 2150 971 2214 libitum
992 2172 1090 2215 suum
1118 2149 1367 2235 prosternebat.

319 2253 432 2338 Atque
464 2255 500 2317 in
522 2254 674 2317 maximis
696 2253 928 2316 vexationibus
961 2274 1043 2337 quas
1068 2253 1197 2337 magnis
1222 2251 1367 2317 ecclesiis

320 2357 435 2420 intulit
457 2358 563 2441 ipsum
593 2357 741 2420 ordinem
772 2355 1028 2430 Cistercienscm,
1051 2355 1087 2418 in
1109 2355 1265 2442 hospitiis
1297 2353 1368 2419 auis

318 2458 496 2543 exigendis,
511 2457 564 2522 vel
587 2478 647 2543 pro
667 2458 730 2521 hiis
752 2458 853 2521 etiam
871 2457 986 2543 pretiis
1009 2457 1254 2541 extorquendis,
1268 2478 1367 2544 super

318 2560 491 2645 privilegia
521 2568 556 2624 et
579 2560 819 2644 exemptionem
853 2580 945 2622 suam
977 2560 1026 2623 ita
1047 2560 1182 2623 vexant
1215 2565 1256 2624 ut
1288 2581 1366 2623 eum

152 2668 261 2747 Helm·-
318 2683 411 2747 paene
441 2663 471 2725 ei
507 2661 718 2725 tributarium
748 2659 874 2724 faceret
924 2670 1197 2741 Eborueeusemque
1226 2661 1494 2735 electum,1bidau.

151 2750 272 2869 ἓξὲξ]
319 2769 485 2826 Gallridum
503 2772 582 2839 regis
601 2771 731 2833 fratrem,
747 2760 788 2826 de
810 2783 875 2846 quo
897 2762 1096 2847 praedlcitur,
1114 2773 1175 2842 jam
1193 2789 1246 2842 per
1264 2771 1367 2827 decem

152 2868 194 2919 the
205 2869 290 2936 ling’a
319 2889 409 2927 annos
445 2889 481 2925 nc
511 2878 730 2926 consecraretur
765 2872 928 2943 impedivit.
984 2863 1088 2943 Quem
1119 2865 1254 2929 landem
1287 2885 1365 2928 con-

152 2936 261 2987 brother.
318 2969 479 3029 matum
511 2970 546 3028 et
575 2973 654 3045 apud
680 2972 837 3027 Dovoriam
860 2973 1024 3044 appulsum,
1052 2973 1176 3044 direptis
1201 2974 1300 3037 rebus,
1327 2975 1365 3028 de

318 3066 494 3121 monasterio
522 3066 621 3120 Sancti
651 3064 771 3119 Martini
805 3065 917 3119 extrahi
943 3074 974 3119 et
1006 3067 1036 3119 in
1068 3067 1144 3120 turri
1175 3068 1259 3136 regia
1283 3066 1365 3121 nudi

153 3154 177 3201 Λ
191 3159 288 3208 couueil
319 3148 451 3205 iaciebat.
499 3149 557 3203 Sed
593 3155 623 3204 et
658 3148 735 3220 apud
770 3147 1070 3209 Westmonusterium.
1109 3155 1247 3220 tauquam
1283 3168 1365 3221 papae

152 3221 273 3298 ‘illm’
318 3235 434 3305 legatus
461 3242 490 3288 ct
520 3235 602 3303 regui
632 3238 812 3304 procurator,
841 3232 998 3286 concilium
1023 3232 1192 3288 celebrarit.
1237 3234 1274 3288 In
1306 3252 1364 3304 quo

151 3298 262 3340 mmm·
318 3319 449 3389 complex
489 3318 552 3388 ejus
590 3318 680 3386 llugo
708 3317 827 3371 Nonant
865 3318 1019 3386 episcopua
1055 3316 1178 3371 Cestrite
1215 3319 1365 3389 querelam

153 3413 277 3464 subgesta.
318 3402 462 3473 deposuit.
484 3401 561 3472 quod
579 3401 712 3454 monaehi
732 3402 942 3455 Coreutrcnaes
967 3401 1138 3470 sanguinem
1163 3420 1249 3456 suum
1267 3420 1365 3456 coram

149 3480 203 3529 ¹¹⁰⁰
213 3484 242 3530 ΟΥ
251 3499 305 3545 12¹⁰·
318 3493 404 3547 altari
425 3494 577 3546 fudissent.
617 3492 699 3546 Unde
718 3491 849 3546 decrerit
867 3483 978 3547 dietus
1001 3536 1007 3548 .
1031 3536 1037 3547 .
1062 3493 1191 3548 Eliensis
1209 3494 1365 3548 monachos

151 3547 263 3612 heudmy
344 3586 350 3599 .
768 3594 774 3604 ,
811 3595 816 3605 ,
1071 3595 1076 3608 ,
1322 3596 1328 3607 ,

151 3613 234 3662 elem
247 3616 286 3664 so„
318 3584 423 3648 dlctos
446 3594 482 3646 de
496 3594 638 3647 Coventro
658 3595 719 3646 lore
738 3592 938 3656 ohmmandos,
959 3600 988 3647 et
1007 3594 1130 3649 oler1cos
1148 3594 1363 3666 praebendarios

151 3679 297 3764 themonla
318 3686 521 3741 instituendos.
568 3685 632 3739 Huc
658 3703 728 3753 ergo
755 3687 904 3739 occasione
929 3686 1071 3756 captanda
1098 3687 1236 3758 prmlatus
1261 3687 1361 3756 Hugo,

150 3746 288 3858 ‘t'ff‘m'ffl'
318 3770 442 3825 callidus
468 3770 553 3823 homo
579 3776 609 3822 et
634 3769 858 3832 inverecundus,
878 3770 971 3824 audax
998 3771 1027 3824 in
1052 3770 1178 3842 probos,¹
1197 3771 1363 3825 litteratura

162 3827 201 3875 'l'
319 3855 542 3924 eloquentiaeque
562 3854 731 3915 instructus,
753 3854 803 3923 qui
831 3854 906 3908 inter
933 3855 1061 3924 priorem
1080 3862 1110 3908 et
1136 3863 1307 3908 conventum
1326 3854 1362 3908 de

318 3938 462 3992 Covcntre
476 3954 590 4007 seraper
603 3935 761 3991 discordias
774 3937 977 4001 seminaverat,
988 3956 1075 3992 manu
1087 3946 1199 3992 armata
1209 3938 1363 3992 monachos

319 4022 423 4088 dictos
450 4030 561 4100 expulit
579 4036 716 4099 uinquam
735 4030 897 4083 enormium
916 4030 1072 4084 eriminum
1091 4048 1165 4095 reos,
1184 4047 1308 4100 moxque
1327 4030 1364 4084 nd

320 4123 508 4196 apostolicam
528 4122 626 4175 sedem
651 4123 808 4177 instructos
833 4122 939 4176 direxit
957 4123 1141 4193 responsales
1165 4140 1232 4176 cum
1255 4122 1364 4176 litteris

319 4210 520 4280 episcoporum
539 4206 752 4269 attestantibus,
773 4206 850 4276 quod
867 4206 1001 4260 monachi
1014 4206 1236 4269 Coventrenses‚
1250 4206 1366 4260 deserta

322 4292 432 4347 Christi
461 4291 577 4351 militia,
607 4289 643 4342 ad
671 4290 811 4344 saeculum
837 4297 934 4344 essent
964 4290 1080 4360 relapsi.
1127 4290 1212 4344 Unde
1237 4289 1324 4360 petiit
1347 4307 1365 4342 a

320 4394 395 4448 papa
423 4375 544 4428 liberam
576 4373 612 4426 de
648 4373 827 4428 ordinatione
858 4373 950 4445 ipsius
981 4374 1151 4428 monasterii
1187 4373 1362 4427 facultatem.

1082 4554 1361 4563 ...—

597 4673 603 4702 ¹
619 4671 720 4737 probor]
741 4672 767 4721 in
781 4687 856 4722 nuans
867 4673 1002 4735 improbos,
1015 4673 1044 4722 ll.
1058 4673 1090 4722 ll.
