3232 5692
349 754 415 816 210
609 766 792 816 munros
813 765 920 814 annas
944 764 1132 816 unornane.

349 939 495 1005 lielmum
511 941 541 1005 lc
557 940 661 1006 Groos
675 942 827 1007 comitem
844 941 1061 1020 Albemarliae,
1085 940 1295 1006 fundatorem
1318 963 1392 1006 nos-

348 1048 449 1123 trum,
472 1049 506 1108 et
526 1043 715 1108 dohannem
740 1044 779 1108 de
803 1043 906 1108 Melsa
928 1043 969 1107 de
991 1044 1152 1108 escambio
1175 1044 1216 1109 de
1239 1043 1344 1108 Melae.
1358 1049 1394 1108 et

349 1146 486 1231 Bewyk,
508 1151 543 1211 et
557 1151 660 1210 terras
680 1167 760 1231 quas
775 1145 950 1210 habuimus
965 1145 1002 1209 in
1023 1145 1228 1227 Wharroma,
1250 1144 1396 1211 Wurtria

347 1256 383 1316 et
403 1248 683 1323 Blaunehemarlc,
698 1247 793 1314 nobis
805 1249 841 1313 in
861 1253 1058 1335 perpetuum
1073 1248 1289 1314 confirmabat
1303 1275 1312 1331 ;
1325 1270 1394 1314 me·

347 1352 491 1418 nestorio
506 1354 621 1417 nostro
644 1350 783 1415 ulterius
805 1350 984 1417 concedens
999 1351 1087 1437 quod
1101 1372 1170 1431 nos,
1186 1351 1335 1417 homines
1358 1356 1393 1417 et

349 1460 433 1547 equi,
458 1460 492 1523 et
521 1479 573 1523 res
598 1461 727 1536 nostrae,
753 1456 794 1521 de
817 1456 979 1535 theloneo,
1001 1458 1150 1546 passagio
1173 1462 1208 1523 et
1229 1457 1393 1545 portagio,

349 1568 383 1629 et
406 1561 495 1628 omni
517 1558 583 1626 alia
605 1558 849 1638 consuetudine,
871 1559 967 1625 liberi
989 1583 1200 1627 maneremus,
1239 1561 1288 1628 At
1309 1564 1397 1649 quod

350 1688 411 1731 nos
452 1662 559 1730 curias
596 1667 725 1727 nostras
763 1662 798 1726 in
835 1662 988 1727 omnibus
1025 1663 1198 1729 dominicis
1228 1665 1324 1730 terris
1360 1671 1395 1731 et

350 1768 429 1834 loeis
452 1765 583 1840 nostris,
604 1785 678 1829 cum
702 1764 865 1830 universis
887 1763 1101 1829 forisfacturis
1123 1766 1340 1853 fugitivorum
1362 1773 1397 1833 et
1508 1751 1515 1765 ⁰

351 1869 556 1943 feloniomm,
577 1873 611 1932 et
632 1888 706 1932 cum
728 1866 941 1954 infangtheof
958 1871 992 1931 et
1014 1868 1114 1932 assisa
1136 1870 1231 1955 panis
1246 1875 1280 1934 et
1295 1870 1398 1935 eervi-

248 2011 255 2025 ·
351 1973 416 2049 eim,
433 1977 467 2038 et
481 1970 586 2035 libera
600 1969 807 2034 ordinatione
830 1967 1035 2046 ballivorum,
1059 1971 1341 2037 conestabulorum
1365 1978 1400 2037 et

351 2077 490 2142 aliorum
505 2072 731 2137 ministrorum
747 2077 941 2152 nostrorum,
958 2093 1031 2137 cum
1049 2072 1153 2138 libera
1162 2074 1400 2160 justificatione

353 2183 388 2243 et
418 2174 609 2241 executione
639 2175 681 2239 ad
714 2173 882 2260 praemissa
910 2174 1142 2261 spectantibus,
1173 2180 1208 2241 et
1244 2179 1399 2243 amercia-

354 2278 476 2344 mentis
507 2281 542 2342 et
575 2274 787 2341 forisfacturis
818 2276 1007 2355 eorundem,
1041 2277 1163 2363 ubique
1187 2277 1272 2343 iufra
1294 2285 1400 2346 metas

352 2387 514 2447 terrarum
537 2384 571 2443 et
593 2377 737 2443 locorum
764 2384 960 2456 inostrorum,
982 2378 1082 2445 libere
1105 2402 1253 2446 exercere
1275 2382 1400 2448 valere·

353 2507 433 2552 mus.

355 2746 434 2813 Cau.
459 2744 534 2809 XX.
571 2743 622 2808 De
652 2740 784 2807 <laedes
808 2742 931 2828 poe-ria
959 2764 982 2808 a
1007 2743 1146 2809 Judeo
1178 2744 1314 2823 ocrisia-
1360 2746 1399 2813 de

442 2843 649 2933 qeibresdom
671 2843 838 2929 possmus
848 2870 861 2921 ,·
886 2843 927 2910 de
957 2845 1144 2931 repet-timae
1170 2848 1399 2934 corporatio·-

442 2945 540 3013 thari
556 2944 732 3033 chodmu
747 2945 837 3031 repis
852 2945 1059 3027 Bastetana·
1084 2955 1114 3015 et
1141 2948 1181 3015 dc
1202 2950 1399 3035 peremine-

440 3049 533 3116 tieae
555 3047 646 3133 repis
670 3047 829 3113 Fruneie
853 3048 901 3115 ud
925 3050 1092 3117 Samium
1115 3051 1277 3119 Pheraeae
1306 3076 1399 3121 auar-

441 3158 555 3235 tyrcae.

184 3327 253 3380 al).
267 3334 326 3379 nei
397 3307 497 3371 Anno
512 3303 674 3391 siquidem
691 3303 788 3390 hujus
804 3303 890 3391 regis
912 3305 1061 3391 septimo,
1077 3306 1164 3393 apud
1180 3306 1399 3387 Glovemiam,

184 3400 274 3447 ⁴¹⁷⁹·
352 3432 435 3498 puer
467 3408 602 3494 quidam
635 3406 810 3472 crucifixus
841 3412 890 3472 est
913 3430 933 3471 a
956 3406 1091 3473 Judmis.
1138 3410 1183 3474 Et
1215 3432 1295 3497 puer
1317 3411 1401 3477 alius

184 3479 303 3597 diuidiae
353 3513 501 3578 nondum
525 3508 700 3574 dimidium
723 3510 848 3574 habens
871 3531 1005 3588 annum,
1029 3510 1194 3577 Robertus
1216 3515 1356 3594 nemine,
1380 3540 1401 3579 a

184 3613 299 3677 nyseus
353 3613 484 3682 Judueis
518 3610 694 3677 crudeliter
728 3615 778 3675 est
813 3611 942 3676 occisus.
988 3610 1151 3698 Annoquc
1183 3616 1269 3702 regis
1302 3616 1400 3702 hujus

184 3678 300 3796 fflm'
353 3716 488 3793 decime,
511 3714 597 3780 eirea
628 3712 742 3778 horam
773 3712 923 3799 primam,
946 3714 1010 3779 visi
1042 3719 1120 3780 sunt
1153 3715 1189 3781 in
1221 3718 1302 3784 coelo
1333 3724 1400 3785 tres

183 3820 339 3953 mm.
352 3818 465 3886 circuli
489 3822 523 3882 et
546 3816 612 3881 duo
627 3814 719 3882 soles.
766 3816 812 3880 Et
834 3815 931 3881 draeo
946 3815 1039 3883 mirra
1055 3817 1295 3905 magnitudinis
1310 3821 1400 3887 visus

182 3969 262 4009 mm
352 3927 403 3988 cst
437 3920 526 4008 apud
560 3919 715 3984 Sanctam
750 3917 912 4004 Osytham
947 3924 1017 3984 tam
1051 3941 1150 4008 prope
1184 3926 1308 3987 terram
1342 3946 1400 4010 per

351 4047 428 4092 aera
450 4021 528 4088 ferri
560 4022 649 4109 quod
671 4043 714 4086 cx
743 4018 847 4108 ipsius
880 4022 957 4109 igne
992 4023 1108 4089 demus
1140 4025 1292 4110 quaedam
1313 4047 1399 4092 eem-

350 4128 459 4194 bustoe
481 4130 566 4192 sunt.
611 4124 657 4188 Et
679 4122 782 4211 ipsius
803 4123 890 4212 regis
911 4146 999 4191 anno
1016 4129 1056 4191 21
1075 4134 1176 4192 audita
1194 4145 1263 4192 sunt
1280 4137 1440 4208 insolitaR„
1453 4155 1535 4209 cm

351 4230 479 4290 tonitrua
495 4231 581 4284 nocto
598 4225 704 4282 natalis
724 4225 860 4296 Domini;
887 4232 917 4284 et
941 4229 1077 4286 sacerdos
1104 4227 1225 4305 quidam
1243 4231 1320 4304 apud
1338 4224 1548 4288 An-001·2³⁹⁷·

351 4316 488 4373 dovoram
505 4313 538 4369 in
556 4311 747 4383 Hampehyra
764 4311 795 4366 in
812 4311 910 4368 medio
933 4315 1034 4386 populi
1059 4315 1206 4372 extinctus
1225 4324 1272 4372 est
1289 4318 1325 4373 do
1343 4319 1399 4372 sul·

350 4401 438 4467 mine,
458 4398 541 4454 nullo
558 4396 616 4453 alio
634 4400 757 4463 attact03
779 4397 831 4452 sed
848 4397 931 4470 porei
947 4398 1124 4456 ridebantur
1136 4400 1303 4457 discurrere
1321 4402 1398 4459 inter

350 4505 409 4543 eos.
445 4485 675 4555 Tempestesquo
703 4481 864 4552 grandinea
890 4485 1072 4556 consumpsit
1100 4502 1179 4549 aves,
1207 4486 1344 4542 animalia
1368 4494 1398 4543 ct

348 4579 492 4644 homines,
511 4580 595 4632 noeto
619 4565 751 4632 Sanctio
775 4565 889 4632 Muriae
911 4575 1106 4648 Magdalcnae.
1163 4569 1264 4634 Anno
1297 4571 1398 4636 etiam

180 4662 306 4796 mag
348 4673 435 4759 regis
470 4673 512 4738 23
548 4695 655 4752 corpus
684 4675 808 4734 Artium
844 4667 1055 4756 *quendam'
1088 4670 1175 4759 regis
1206 4672 1399 4752 Britannice,
