3232 5692
455 812 639 862 rnrnrrrus
662 812 769 863 assas
792 815 979 866 sscurnus.
1175 803 1239 872 197

196 982 404 1050 dormitionis
419 984 561 1049 visiones
576 984 739 1072 plerisque
762 987 803 1053 de
824 988 894 1074 ejus
909 990 1069 1075 martyrio
1084 994 1119 1054 et
1133 991 1238 1078 gloria
1250 999 1317 1052 Ab.
1333 1006 1403 1054 ιιτο.

193 1086 326 1151 fuerant
347 1088 524 1168 revelatae;
547 1092 582 1153 et
604 1087 691 1153 infra
725 1093 767 1154 15
803 1090 873 1155 dies
896 1114 916 1155 a
938 1113 996 1156 suo
1019 1094 1179 1177 martyrio
1200 1094 1236 1156 in

193 1187 383 1253 lerosolima
405 1189 475 1274 ejus
498 1191 696 1277 martyrium
725 1214 783 1278 per
805 1193 1038 1260 revelationem
1069 1196 1237 1282 cognitum

191 1292 262 1355 fuit.
309 1291 361 1356 De
393 1292 560 1358 sodalibus
591 1299 702 1359 autem
737 1295 806 1381 ejus
841 1301 875 1362 et
909 1296 1077 1382 discipulis
1099 1298 1236 1362 eruditis
1247 1307 1392 1363 Promouon

189 1399 264 1477 post
285 1393 356 1479 ejus
378 1399 525 1471 mortem,
541 1417 626 1461 unus
644 1420 729 1483 papa
752 1402 887 1462 vocatus
904 1398 1060 1463 Urbanus
1076 1401 1133 1477 3¹¹⁸,
1149 1421 1235 1466 unus
1247 1376 1380 1494 ididiam.

189 1494 456 1582 archiepiscopus,
492 1519 549 1562 sex
584 1498 734 1584 episcopi,
768 1502 836 1563 tres
868 1499 1106 1565 cathedralium
1138 1502 1236 1566 eecle-

188 1597 310 1661 siarum
337 1597 460 1675 decani,
483 1599 595 1665 etalii
617 1601 659 1665 ad
681 1599 747 1664 alia
769 1601 928 1666 beneficia
949 1603 1093 1689 promoti
1116 1604 1234 1668 extite-

188 1704 274 1763 runt
322 1699 425 1785 Cujus
451 1702 557 1766 vitam
586 1707 620 1791 et
643 1703 841 1788 martyrium
865 1702 888 1767 J
890 1703 1036 1769 ohannes
1066 1705 1233 1791 episcopus
1245 1716 1353 1770 Writers
1364 1723 1395 1772 of

187 1801 407 1882 Oarnotensis,
433 1805 524 1889 prius
556 1804 805 1870 archidiaconus
828 1804 1081 1884 Sarisbiriensis,
1104 1783 1345 1872 Alanushislife.

185 1904 286 1968 abbas
320 1905 630 1986 Theokesbiriensis,
670 1907 869 1973 Willielmus
903 1908 1055 1994 subprior
1087 1908 1230 1974 Cant-ua-

184 2006 303 2071 riensis
326 2012 360 2071 et
384 2009 539 2094 magister
568 2008 753 2075 Herbertus
787 2010 827 2075 de
859 2011 1009 2088 Bosham,
1033 2013 1229 2098 conscripse-

182 2115 270 2174 runt.
317 2110 514 2176 Benedictus
536 2112 637 2177 etiam
660 2113 700 2177 de
724 2113 833 2199 Burgo
849 2113 962 2177 Sancti
986 2112 1079 2178 Petri
1101 2113 1141 2179 de
1163 2117 1228 2180 fine

181 2211 252 2295 ejus
275 2218 418 2292 tantum,
441 2217 475 2278 et
504 2214 545 2278 de
568 2213 632 2278 hiis
665 2236 739 2299 quse
769 2221 844 2301 post
876 2216 975 2280 finem
1010 2216 1226 2303 contigerant,

180 2314 317 2400 scripsit.
364 2315 511 2394 Quorum
534 2316 681 2381 omnium
704 2322 797 2382 actus
818 2318 996 2382 monachus
1030 2318 1164 2404 quidam
1186 2320 1226 2384 do

179 2414 345 2480 Evesham
367 2418 403 2481 in
426 2439 529 2482 unum
551 2417 745 2504 opusculum
768 2419 970 2505 compilavit.

177 2722 254 2789 Otr.
273 2722 345 2788 XV.
367 2721 418 2788 Dc
443 2721 599 2790 domim
613 2723 794 2791 Hibernia
819 2724 1007 2812 conquisito
1018 2749 1032 2804 ;
1056 2732 1085 2790 et
1108 2723 1150 2792 de
1173 2751 1222 2793 ‘rc-

285 2826 506 2893 celotioaiboa
528 2827 600 2913 rapi
615 2828 722 2931 factis
744 2828 785 2894 dc
806 2827 880 2914 ipso
903 2826 1108 2911 corripeudo.

221 2960 366 3026 Viduata
398 2963 445 3028 sic
476 2970 606 3049 pastore
638 2964 885 3030 cantuariensis
919 2963 1053 3029 ecclesia
1090 2963 1217 3028 exitum
1231 2980 1380 3044 amm,
1473 2985 1476 2991 ’

175 3064 338 3148 pontificis
360 3065 495 3151 lugebat
518 3065 633 3130 diebus
664 3067 784 3131 multis.
831 3066 983 3151 Denique
1014 3087 1073 3152 per
1094 3087 1218 3129 annum
1233 3051 1304 3097 ¹¹⁷²·
1338 3141 1343 3152 Ι

175 3171 294 3253 praeter
318 3169 359 3230 10
382 3165 452 3230 dies
474 3167 636 3233 conticuit
651 3169 687 3231 in
703 3191 740 3233 ea
755 3167 871 3232 divina
893 3166 973 3242 laus,
989 3172 1023 3231 et
1044 3167 1218 3231 missarum
1232 3138 1378 3258 ffiffl'

174 3267 321 3333 solennia
352 3277 566 3333 cessaverunt.
623 3269 762 3336 Interim
794 3271 895 3335 etiam
932 3269 1218 3354 archipraesulatus
1231 3270 1372 3323 efemer-

173 3371 314 3436 inimicis
332 3371 474 3457 justitiae
496 3372 734 3449 succumbebat,
756 3393 915 3458 pauperes
941 3370 1218 3457 opprimebantur,
1230 3340 1302 3403 bury.

173 3474 316 3539 ecclesiae
338 3473 558 3551 violabantur,
581 3495 719 3538 canones
742 3480 776 3538 et
798 3475 929 3539 decreta
950 3494 1018 3537 non
1041 3472 1218 3538 audieban-

173 3582 238 3652 tur,
270 3575 391 3639 rationi
423 3579 457 3639 et
489 3574 641 3659 aequitati
672 3574 782 3638 nullus
813 3575 901 3639 locus
923 3574 1137 3662 proculdubio
1159 3597 1217 3660 ap·

171 3677 315 3762 parebat.
363 3675 408 3740 Et
441 3696 483 3739 ne
515 3677 584 3762 regi
616 3676 801 3762 displiceret
823 3676 953 3741 malitia
982 3676 1215 3754 ministrorum,

171 3779 213 3844 de
236 3778 459 3844 oblationibus
480 3777 629 3842 fidelium
651 3784 685 3843 et
707 3800 888 3866 pauperum
910 3778 1078 3864 refrigerio
1101 3800 1216 3845 census

10 3895 34 3944 s.
48 3895 158 3959 Higden,
171 3883 279 3969 regius
313 3880 549 3946 cumulabatur.
596 3880 679 3946 Inde
714 3882 837 3947 etenim
860 3890 950 3962 coepit
975 3905 1037 3944 sors
1063 3889 1148 3961 regia
1173 3888 1320 3945 attach.

10 3963 47 4011 ”L
61 3968 133 4013 ²³⁹⁴·
170 3995 294 4050 tenuari.
340 3992 415 4048 Cum
437 3989 548 4048 autern
571 3993 703 4049 audisset
729 4012 781 4049 rex
807 3986 842 4049 in
874 3982 1080 4049 Normannia
1106 3991 1214 4063 gladiis
1226 3967 1343 4101 &effla
1354 3973 1385 4024 ⁰f

10 4039 146 4162 dissid-iim
169 4114 289 4151 suorum
307 4086 582 4172 archiepiscopum
605 4095 786 4162 occubuisse,
815 4100 882 4166 post
907 4113 1015 4167 paucos
1042 4095 1105 4150 dies
1131 4093 1215 4149 misit
1225 4101 1290 4151 alter

169 4198 242 4251 duos
261 4197 383 4252 clericos
396 4197 521 4252 serentes
539 4196 662 4260 litteras,
677 4197 728 4266 qui
741 4197 928 4252 Cantuariam
939 4196 1089 4252 venientes
1104 4187 1212 4272 ipsum
1224 4166 1372 4286 111,ᾞὲὲῖὓοί

167 4291 207 4355 de
230 4290 300 4376 ipso
333 4289 513 4355 infortunio
546 4288 640 4364 facte,
673 4311 751 4353 nece
788 4288 942 4353 videlicet
972 4287 1213 4376 archiepiscopi,
1224 4303 1330 4355 murder.

168 4396 369 4457 excusarent.
417 4391 462 4455 Et
484 4414 558 4456 cum
579 4396 649 4455 tam
672 4389 770 4455 letale
784 4390 908 4456 facturn
930 4392 1076 4477 undique
1097 4392 1213 4457 fuisset

168 4493 387 4580 divulgatum,
403 4515 462 4558 rex
484 4493 694 4560 vehementer
717 4491 856 4558 afflictus
878 4515 938 4579 per
961 4492 1022 4558 20¹
1040 4494 1110 4559 dies
1126 4494 1211 4560 sedit

10 4178 52 4225 un,
62 4164 158 4230 migne,

10 4230 49 4280 eol.
62 4236 119 4283 5⁵7.

168 4651 294 4660 ..α’-ι·-

478 4729 484 4759 ¹
503 4728 549 4794 20]
569 4728 742 4793 quadraginta,
753 4729 816 4780 Bon.
828 4729 896 4781 Abb.
