3256 5692
369 777 435 842 384
693 789 790 843 uuae
812 788 921 841 sunus
943 791 1104 853 oumrus.

372 1094 381 1132 ¹
397 1094 476 1163 One.
493 1096 553 1163 XI.
576 1093 627 1162 Dc
642 1098 848 1168 Innocentio
863 1101 962 1168 tentio
973 1123 1094 1189 popm·
1116 1103 1158 1170 dc
1180 1110 1298 1171 eucwto
1313 1103 1425 1170 Fron-
1435 1112 1514 1164 teat.

459 1207 552 1284 ciacc,
569 1214 600 1272 ct
621 1201 814 1289 inceptione
837 1204 976 1272 ordinis
994 1206 1153 1294 frateune
1174 1207 1371 1286 Mtcwmn,
1394 1214 1425 1274 ct

459 1307 544 1377 atita
565 1305 806 1375 occttenttnc.

203 1479 273 1535 At).
287 1488 352 1536 1210
406 1476 554 1547 Quantum
571 1485 671 1535 autem
690 1478 741 1535 hic
759 1468 974 1535 Innocentius
995 1491 1083 1558 papa
1105 1473 1125 1538 3
1148 1481 1248 1538 tuerat
1273 1481 1508 1554 gloriosarum

203 1555 296 1601 ⁴²²⁰·
371 1586 461 1642 opera
478 1571 542 1642 ejus
567 1571 771 1628 testimonium
795 1571 953 1642 perhibent
972 1573 1101 1629 veritati.
1138 1571 1224 1628 Fecit
1241 1573 1324 1629 euim
1347 1573 1426 1631 iuter
1436 1553 1518 1670 ¹³⁰3*

242 1694 268 1706 .,
314 1630 331 1680 ‘¹
372 1658 479 1708 caetera
489 1655 636 1727 hospitale
650 1655 750 1711 Sancti
765 1655 904 1728 Spiritus.
935 1655 1003 1721 ¹Et,
1017 1657 1088 1728 quia
1099 1657 1195 1711 fuerat
1205 1656 1294 1711 valde
1312 1636 1466 1713 littere-⁸⁸¹
1490 1635 1542 1671 ἠ

203 1696 360 1812 ffiffipd
371 1742 430 1802 tua,
444 1739 610 1810 composuit
620 1738 731 1795 librum
745 1739 809 1794 “de
821 1739 942 1795 miseria
953 1739 1127 1795 conditionis
1138 1739 1309 1804 humanae,”
1323 1699 1569 1819 “Spe-&31¹5

203 1825 253 1878 ΠΙ.
374 1823 394 1849 “
403 1821 503 1876 culum
512 1822 645 1888 Missae,''
658 1841 816 1888 sermones,
827 1828 858 1878 et
868 1823 927 1879 alia
935 1823 1030 1879 multa
1040 1824 1185 1896 gloriosac
1199 1823 1425 1898 decretalesque
1437 1833 1525 1895 'nivet

373 1910 404 1960 et
415 1907 637 1964 constitutiones
650 1926 738 1980 quarn
751 1907 894 1980 plurimas
906 1907 1084 1979 compilaiit
1107 1906 1256 1978 Deditque
1273 1909 1425 1965 universis
1436 1905 1523 2018 {¹⁹}

373 1989 508 2046 ecclesiis
528 1992 560 2046 in
579 1991 673 2048 Roma
690 2009 780 2047 uuam
798 1992 906 2046 libram
923 1991 1040 2062 argenti
1057 2009 1111 2064 pro
1129 1991 1257 2062 singulis
1279 1993 1425 2050 calicibus
1436 1965 1569 2085 ”gfff

372 2090 475 2129 earum
487 2092 544 2129 uon
555 2074 726 2131 habentium
743 2074 850 2131 calices
863 2079 1025 2146 argenteos.
1061 2074 1276 2146 Damnavitque
1288 2075 1426 2133 libellum

373 2156 488 2213 abbatie
501 2158 647 2224 Joachim,
662 2177 749 2230 quem
767 2165 869 2214 contra
887 2157 1063 2229 magistrum
1080 2158 1203 2214 Petrum
1223 2157 1424 2216 Lambardum

203 2245 343 2315 lleresyet
373 2247 522 2296 auctorem
551 2240 769 2299 Sententiarum
798 2241 939 2297 ediderat.
993 2240 1207 2313 Damnavitque
1236 2241 1424 2300 almericum

203 2314 327 2374 Almeria
373 2324 582 2381 Cnrnoteusem
606 2327 777 2399 episcopum
795 2344 862 2382 eum
884 2344 938 2381 sua
954 2325 1087 2382 doctrina
1102 2325 1250 2381 haeretica.
1289 2325 1349 2396 Qui
1372 2323 1558 2385 Al·N·T¹'lvtl»

203 2381 336 2501 m
371 2416 500 2472 mericus
518 2417 653 2473 Parisius
673 2457 796 2475 .....
812 2424 858 2474 est
876 2417 1056 2475 combustus.
1094 2408 1168 2489 Qui,
1190 2413 1316 2496 praeter
1339 2397 1518 2476 aliusp'ffl'

371 2529 447 2572 suas
469 2508 617 2586 haereses,
650 2515 763 2572 dixerat
793 2517 872 2588 quod
896 2518 928 2572 iu
952 2518 1074 2574 caritate
1106 2518 1274 2576 constitutis
1304 2520 1422 2577 nullum

370 2614 524 2681 peccatum
538 2608 661 2664 deberet
675 2608 840 2680 imputari.³
875 2608 961 2665 Unde
983 2609 1038 2665 sub
1050 2609 1103 2666 tali
1114 2611 1211 2682 speeie
1224 2611 1345 2682 pietatis
1356 2613 1422 2685 ejus

204 2699 322 2752 Fcnnda·
373 2718 513 2772 sequaces
525 2699 741 2772 turpitudinem
753 2716 868 2754 omnem
888 2701 1116 2758 committebant
1160 2695 1262 2760 Anno
1285 2696 1422 2763 interim

204 2767 321 2885 {2¹25}
373 2793 511 2858 Domini
528 2795 615 2858 1206
632 2791 782 2858 ordinem
797 2793 941 2858 fratrum
956 2793 1125 2860 Mincrum
1139 2796 1265 2885 incepit
1279 2797 1424 2865 Sanctus

204 2900 290 2980 Frim
373 2895 574 2976 Franciscus‚
597 2917 700 2982 prope
730 2894 901 2961 civitatem
925 2895 1122 2977 Assisinam‚
1150 2899 1240 2986 apud
1263 2898 1421 2967 Smmam

205 2966 360 3100 bllnssctc.
372 2998 514 3065 Mariam
537 2999 577 3064 de
601 2996 825 3064 Portiuneula.
871 2998 937 3063 Hic
960 2997 1151 3066 Franciscus
1176 3001 1297 3067 Assisii
1331 3011 1423 3070 ortus

371 3108 405 3168 et
428 3102 619 3190 negotiator
640 3101 785 3181 effectus,
801 3099 824 3165 J
827 3099 970 3166 ohannes
985 3101 1086 3168 etiam
1101 3103 1207 3189 primo
1221 3105 1421 3185 nominatus,

370 3208 563 3292 ferensque
594 3203 638 3269 od
672 3207 889 3268 ecmannum
921 3204 1031 3268 aetatis
1062 3226 1130 3270 suae
1161 3210 1294 3293 tempus
1326 3229 1421 3273 suum

369 3331 457 3374 vane
479 3307 624 3374 vivendo
647 3306 834 3371 consumsit.
890 3304 996 3385 Quem
1019 3305 1182 3372 Dominus
1214 3308 1422 3376 infirmitatis

369 3411 500 3496 flagello
524 3408 684 3495 corripuit
706 3412 742 3473 et
763 3409 800 3472 iu
822 3407 932 3472 virum
954 3407 1096 3473 alterum
1124 3409 1236 3476 subite
1262 3415 1421 3479 transfor·

370 3515 495 3593 nravit3
525 3513 576 3576 ita
599 3510 687 3597 quod
715 3510 786 3595 jam
809 3509 928 3596 spiritu
952 3510 1141 3597 prophetico
1163 3513 1285 3600 pollere
1308 3517 1419 3604 coepit

371 3614 471 3678 Unde
493 3614 530 3677 in
553 3611 689 3677 exordio
712 3634 780 3676 suae
804 3612 1026 3677 conversionis
1048 3613 1246 3698 quibusdam
1268 3616 1337 3683 suis
1369 3641 1421 3684 so-

369 3715 499 3780 dalibus
523 3715 620 3794 dixit,
646 3712 873 3789 “Nove1·itis‚’'
897 3713 1016 3799 inquit,
1032 3714 1137 3800 “quia
1158 3717 1265 3783 adhue
1288 3726 1422 3787 sauctus

369 3824 387 3853 “
409 3840 468 3904 per
499 3823 611 3883 totum
642 3816 805 3881 mundum
840 3813 1030 3883 adorabor.''
1074 3816 1158 3883 Inde
1190 3829 1421 3907 paupertatem

368 3926 513 4006 coeperat
550 3917 712 3997 venerari,
752 3925 787 3983 et
827 3918 1019 3983 Franciscus
1062 3925 1178 4006 postea
1229 3925 1421 3994 vocabatur.

368 4021 457 4077 Multi
471 4039 586 4093 quoque
598 4020 711 4076 nobiles
730 4026 760 4075 et
778 4019 923 4092 ignobiles
942 4019 1043 4074 clerici
1062 4027 1092 4076 et
1109 4022 1188 4088 laici,
1208 4031 1309 4096 spreta
1329 4046 1421 4084 sareu·
1435 4040 1464 4089 1t.
1472 4035 1557 4101 lligdea

368 4112 424 4167 lari
448 4132 563 4186 pompa,
588 4106 658 4191 ejus
683 4104 831 4190 vestigiis
863 4103 1094 4183 adhaeserunt3
1125 4132 1197 4185 quos
1319 4105 1544 4178 docuit⁰⁰l²⁴²l

1344 4283 1421 4296 —n-

401 4367 409 4398 ¹
427 4367 482 4417 The
493 4368 632 4417 remeiuder
643 4368 673 4418 ot
685 4369 728 4418 the
743 4369 868 4420 narrative
888 4382 891 4442 3
946 4369 957 4399 ²
974 4369 1038 4420 This
1056 4377 1173 4421 sentence
1190 4372 1214 4422 is
1230 4375 1315 4442 partly
1331 4377 1359 4427 in
1376 4378 1419 4428 the

367 4447 532 4496 underabbat
544 4446 623 4511 Hugh
643 4447 665 4495 is
680 4447 780 4510 printed
797 4448 868 4498 inus
888 4452 891 4522 j
912 4451 996 4498 words
1020 4449 1051 4499 ci
1075 4450 1189 4515 lligden,
1212 4455 1263 4502 und
1285 4457 1370 4523 partly
1393 4459 1422 4508 of

367 4524 523 4587 unubridged
534 4524 598 4573 form
610 4525 675 4574 from
687 4525 730 4575 the
741 4525 868 4590 Phillipps
888 4537 890 4599 J
913 4527 1009 4578 'I'rivet

367 4602 424 4653 MS.
458 4603 514 4652 The
530 4609 584 4652 text
595 4605 625 4652 of
632 4604 674 4653 the
686 4603 797 4665 Egerton
809 4604 867 4656 MS.
887 4608 890 4691 j
947 4608 957 4636 ⁸
974 4609 1104 4674 imputari]
1124 4608 1305 4674 imputabatur,
1317 4613 1350 4668 N.
1363 4614 1394 4666 T.

367 4683 389 4730 is
401 4681 532 4745 subjoincd
544 4698 571 4731 us
583 4696 615 4732 an
628 4683 772 4746 Appendix.
887 4700 890 4754 ᾗ
