3232 5692
545 778 683 831 'mom
705 778 814 831 Annss
836 780 990 833 TERTIUS.
1225 763 1288 826 221

246 952 418 1019 faciebant.
462 951 559 1034 Nam,
575 975 650 1020 cum
672 955 740 1021 xvi.
754 955 885 1020 bovatae
907 952 1027 1020 terrae¹
1050 951 1088 1016 in
1109 954 1182 1016 toto
1197 947 1292 1013 feodo
1302 965 1371 1017 an.
1386 970 1449 1019 msa

247 1076 306 1119 sno
329 1055 370 1121 dc
392 1055 658 1144 Tharlesthorpia
678 1056 818 1125 fuissent
839 1060 1032 1136 numerata,
1053 1055 1123 1141 ipse
1145 1057 1180 1117 et
1201 1036 1394 1114 here-'¹¹⁹²

247 1157 304 1222 des
327 1159 378 1223 sui
400 1181 459 1245 pro
481 1158 525 1225 xi.
547 1159 689 1239 bovatis,
712 1166 746 1227 et
780 1183 840 1226 nos
863 1181 921 1246 pro
944 1182 975 1225 v.
998 1163 1133 1224 tantum
1154 1153 1292 1219 forinse-

247 1281 321 1326 cum
345 1261 518 1327 servitium
537 1261 721 1328 faceremus,
757 1262 828 1329 Ubi
850 1262 1007 1328 continuo
1027 1260 1137 1347 ipsum
1154 1255 1295 1343 capitale

247 1364 451 1450 mesnagium
473 1370 586 1430 nostra
606 1364 762 1453 grangia¹
784 1364 892 1431 fuerat
912 1364 1095 1430 vocitatum
1107 1360 1134 1443 ;θ
1156 1360 1199 1425 de
1222 1358 1294 1444 qni-

247 1462 331 1530 bus⁴
347 1466 480 1552 quidem
494 1467 633 1555 grangia
648 1473 682 1534 et
696 1467 804 1549 terris,
820 1473 967 1554 tempore
981 1464 1108 1532 domini
1122 1460 1296 1529 Willielmi

248 1566 380 1633 abbatis
405 1571 435 1649 9,
455 1575 569 1656 postea
593 1571 761 1638 referetur.
794 1570 883 1652 Quas
907 1570 1040 1656 quidem
1063 1588 1175 1634 omnes
1190 1569 1294 1630 terras

180 1711 189 1731 .
247 1669 284 1733 in
298 1669 565 1759 Tharlesthorpia
579 1673 737 1759 praefatus
752 1672 905 1738 dominus
921 1672 1086 1738 Robcrtus
1096 1665 1295 1736 Gonestable

247 1771 356 1836 senior
377 1772 418 1837 de
439 1776 696 1841 antecessoribus
711 1776 803 1842 Petri
817 1775 858 1841 de
873 1771 1150 1860 Frothyngham⁶
1164 1770 1295 1857 perqui-

247 1873 351 1940 sivit.⁶
373 1875 447 1956 Sed,
458 1877 536 1961 quia
550 1879 630 1965 ipsae
645 1884 741 1944 terrm
755 1878 890 1943 fuerunt
905 1877 945 1942 de
959 1876 1053 1942 feodo
1064 1871 1297 1961 archiepiscopi

248 1976 471 2057 Eboraccnsis,
493 1980 642 2045 dedimus
665 1980 813 2047 Galfrido
836 1979 1033 2046 Eboracensi
1056 1977 1296 2063 archiepiscopo

248 2078 292 2143 lx.
309 2081 456 2159 marcas,⁷
471 2087 511 2147 ut
534 2104 588 2148 eas
609 2083 762 2148 licentius
776 2083 918 2149 retinere
940 2082 1131 2147 valeremus.
1176 2079 1295 2144 Petrus
1307 2098 1442 2152 cranaos

249 2181 348 2247 etiam
373 2184 414 2248 de
437 2183 549 2263 Melea,
574 2187 662 2272 apud
684 2208 745 2251 nos
767 2185 872 2251 factus
900 2183 1059 2261 novicius,
1082 2181 1175 2247 dedit
1200 2179 1294 2245 nobis
1305 2167 1439 2286 {ffl'de

248 2284 331 2349 duas
353 2286 490 2352 bovatas
513 2293 610 2354 terrae
633 2311 708 2353 cum
730 2288 860 2353 duobus
882 2287 1002 2365 croftis,
1018 2292 1054 2352 et
1070 2307 1174 2350 unum
1189 2282 1452 2370 h⁰¹¹¹¹·0vthome.

248 2409 334 2466 nem,
371 2389 508 2454 alteram
547 2391 725 2455 earundem
762 2391 960 2456 bovatarnm
997 2393 1178 2464 tenentem,
1218 2407 1293 2451 cum

248 2493 322 2554 tota
343 2491 475 2576 sequela
490 2513 557 2570 sua,
581 2492 637 2556 ¹in
661 2491 860 2558 Owttborne
873 2489 918 2572 ;'⁸
940 2513 1020 2579 quas
1046 2489 1129 2555 duas
1155 2489 1294 2554 bovatas

248 2595 355 2668 terrac,
379 2614 453 2657 cum
475 2593 571 2660 toftis
602 2600 637 2660 ct
670 2594 813 2672 homine,
837 2594 938 2681 Hugo
961 2593 1064 2658 abbas
1096 2595 1115 2656 5
1142 2592 1186 2656 ad
1207 2588 1295 2656 feodi

248 2694 377 2759 firmam
399 2696 530 2761 cuidam
553 2719 613 2784 pro
634 2697 691 2765 xii.
715 2697 857 2762 denariis
891 2696 1010 2762 annuis
1033 2694 1232 2771 dimittebat,
1256 2698 1296 2759 ut

248 2795 285 2860 in
308 2798 522 2883 sequentibus
537 2799 704 2866 referetur.
749 2799 796 2865 Et
810 2799 833 2864 J
835 2800 980 2865 ohannes
994 2798 1084 2864 filius
1106 2798 1188 2864 dicti
1203 2797 1295 2862 Petri

248 2899 290 2963 de
324 2898 429 2964 Melea
461 2901 554 2967 dedit
586 2902 691 2981 nobis,
714 2903 757 2968 ad
787 2901 926 2968 aedificia
958 2900 1149 2966 monasterii
1180 2899 1294 2977 nostri,

247 3005 317 3065 tres
348 3000 457 3081 toftos,
481 3024 585 3068 unum
617 3004 652 3067 in
679 3001 886 3089 Wythome,⁰
912 3008 947 3068 et
979 3003 1061 3068 duos
1093 3003 1130 3066 in
1163 3002 1294 3067 Therme

247 3102 285 3166 in
300 3102 538 3188 Wythomse,¹⁰
552 3127 626 3170 cum
641 3106 806 3170 communi
820 3111 956 3192 pastura
977 3106 1020 3171 ad
1042 3107 1171 3171 eosdem
1193 3104 1296 3169 tostos

247 3205 442 3290 pertinente.
488 3206 620 3273 Interea
652 3208 787 3294 quidam
822 3206 981 3274 Osbertus
1014 3207 1102 3273 filius
1125 3206 1295 3272 Godefn'di
1307 3216 1421 3282 Hryhol-

248 3312 284 3371 et
305 3307 500 3394 Radulphus
532 3309 573 3374 de
606 3308 775 3395 Flyntona
808 3314 915 3376 totam
937 3316 1060 3376 terram
1083 3314 1230 3374 nostram
1253 3299 1370 3374 domm·

249 3407 448 3494 Hayholmo,
471 3409 541 3496 utj
605 3432 710 3488 suum,
732 3433 798 3499 quo
819 3417 916 3499 pacto
931 3412 1049 3491 neseio,
1072 3411 1294 3492 vindicammt.

249 3509 349 3575 Unde
371 3511 516 3598 cognitio
537 3512 580 3578 dc
602 3520 707 3578 morte
737 3520 978 3580 antecessorum
1008 3514 1210 3579 summonita
1231 3512 1296 3577 fuit

248 3635 307 3700 per
327 3612 427 3679 breve
450 3614 574 3680 domini
596 3616 690 3704 regia.
735 3616 779 3681 In
793 3639 858 3703 qua
873 3617 1104 3704 recognitione,
1120 3639 1180 3704 pro
1202 3637 1296 3681 sexa·

246 3715 342 3801 ginta
363 3715 477 3782 solidis
499 3718 628 3804 argenti
651 3738 731 3803 quos
753 3718 800 3784 eis
822 3719 1023 3797 dederamus,
1045 3719 1151 3805 ipsam
1173 3723 1295 3783 terram

248 3820 289 3885 ds
313 3818 436 3884 Holmo
458 3823 494 3885 et
516 3824 625 3884 totum
649 3819 706 3904 jus
738 3825 773 3885 et
806 3819 961 3886 clamium
983 3842 1080 3886 suum
1102 3842 1176 3907 quae
1198 3821 1234 3884 in
1257 3842 1296 3886 ea

248 3922 460 3989 vindicarunt
489 3944 548 4008 per
578 3919 712 3987 finem¹¹
737 3928 772 3988 et
805 3928 911 3990 cartas
941 3945 1016 3990 suas
1048 3923 1145 3990 nobis
1175 3924 1294 4012 imper-

249 4031 385 4113 petuum
408 4023 611 4090 relaxabant.

283 4298 290 4328 ¹
310 4296 392 4363 mroe]
411 4296 524 4360 wanting
534 4294 561 4343 in
573 4294 603 4345 P.
827 4295 838 4324 ⁰
850 4293 1011 4359 perquisivit]
1030 4293 1184 4359 adquirebat,
1196 4296 1226 4346 P.

281 4375 427 4442 ¹qrun9ia]
445 4375 474 4425 in
486 4379 598 4425 nonnam
608 4372 749 4440 maumam,
828 4372 929 4423 'Aster
939 4389 1036 4423 marrus
1045 4373 1125 4425 insert
1135 4373 1242 4439 argenti,
1253 4373 1284 4427 P.

250 4457 280 4509 P.
826 4452 880 4500 ‘in
897 4451 1046 4519 Orontem]
1064 4452 1259 4518 wantinginP.

283 4539 293 4568 ¹
310 4534 454 4601 vocitatum]
471 4540 674 4597 nummatum,
685 4533 715 4584 P.
826 4534 837 4562 ¹
858 4530 1001 4599 Wydromc]
1019 4531 1161 4592 Wrthome,
1173 4532 1204 4584 P.

284 4619 294 4647 ⁴
309 4614 410 4681 quibas]
429 4629 493 4680 qua,
504 4613 534 4666 P.
827 4613 845 4642 ¹¹
858 4610 1011 4678 wyamu]
1031 4611 1184 4673 Withcmse,
1194 4611 1225 4662 P.

282 4694 501 4762 ¹Frottyn9ham]
520 4693 703 4762 motyngham,
718 4692 749 4745 P.
827 4692 843 4724 ¹¹
860 4690 1234 4756 Asterfiaeminsertlcvatnm,
1244 4691 1275 4743 P.
