<?xml version="1.0" encoding="UTF-8"?>
<!DOCTYPE html PUBLIC "-//W3C//DTD XHTML 1.0 Transitional//EN"
    "http://www.w3.org/TR/xhtml1/DTD/xhtml1-transitional.dtd">
<html xmlns="http://www.w3.org/1999/xhtml" xml:lang="en" lang="en">
 <head>
  <title>
</title>
<meta http-equiv="Content-Type" content="text/html;charset=utf-8" />
  <meta name='ocr-system' content='tesseract 3.04.00' />
  <meta name='ocr-capabilities' content='ocr_page ocr_carea ocr_par ocr_line ocrx_word'/>
</head>
<body>
  <div class='ocr_page' id='page_1' title='image "./chronicamonaste00thomgoog_0448.png"; bbox 0 0 3232 5692; ppageno 0'>
   <div class='ocr_carea' id='block_1_1' title="bbox 215 2599 1441 2704">
    <p class='ocr_par' dir='ltr' id='par_1_1' title="bbox 215 2599 1441 2704">
     <span class='ocr_line' id='line_1_1' title="bbox 215 2599 1441 2704; baseline 0.002 -21"><span class='ocrx_word' id='word_1_1' title='bbox 215 2633 218 2640; x_wconf 85' lang='grc'><strong>’</strong></span> <span class='ocrx_word' id='word_1_2' title='bbox 244 2623 399 2698; x_wconf 78' lang='lat' dir='ltr'>sumeret,</span> <span class='ocrx_word' id='word_1_3' title='bbox 431 2639 491 2682; x_wconf 91' lang='lat' dir='ltr'>nec</span> <span class='ocrx_word' id='word_1_4' title='bbox 528 2638 588 2682; x_wconf 90' lang='lat' dir='ltr'>nos</span> <span class='ocrx_word' id='word_1_5' title='bbox 626 2640 684 2704; x_wconf 93' lang='lat' dir='ltr'>per</span> <span class='ocrx_word' id='word_1_6' title='bbox 722 2618 796 2683; x_wconf 91' lang='lat' dir='ltr'>illas</span> <span class='ocrx_word' id='word_1_7' title='bbox 828 2617 1002 2697; x_wconf 79' lang='lat' dir='ltr'>namiamt,</span> <span class='ocrx_word' id='word_1_8' title='bbox 1035 2617 1195 2702; x_wconf 81' lang='lat' dir='ltr'><strong>quamdiu</strong></span> <span class='ocrx_word' id='word_1_9' title='bbox 1228 2619 1294 2684; x_wconf 90' lang='lat' dir='ltr'>alia</span> <span class='ocrx_word' id='word_1_10' title='bbox 1325 2599 1441 2686; x_wconf 47' lang='grc' dir='ltr'><em>Ψ</em></span> 
     </span>
    </p>
   </div>
   <div class='ocr_carea' id='block_1_2' title="bbox 143 2823 1293 2910">
    <p class='ocr_par' dir='ltr' id='par_1_2' title="bbox 143 2823 1293 2910">
     <span class='ocr_line' id='line_1_2' title="bbox 143 2823 1293 2910; baseline 0 -22"><span class='ocrx_word' id='word_1_11' title='bbox 143 2883 150 2896; x_wconf 81' lang='grc'>,</span> <span class='ocrx_word' id='word_1_12' title='bbox 243 2824 363 2909; x_wconf 90' lang='lat' dir='ltr'>aliquis</span> <span class='ocrx_word' id='word_1_13' title='bbox 386 2844 455 2903; x_wconf 89' lang='lat' dir='ltr'>nos,</span> <span class='ocrx_word' id='word_1_14' title='bbox 478 2844 530 2887; x_wconf 91' lang='lat' dir='ltr'>res</span> <span class='ocrx_word' id='word_1_15' title='bbox 560 2829 619 2889; x_wconf 88' lang='lat' dir='ltr'>aut</span> <span class='ocrx_word' id='word_1_16' title='bbox 650 2823 870 2908; x_wconf 88' lang='lat' dir='ltr'>possessiones</span> <span class='ocrx_word' id='word_1_17' title='bbox 892 2828 1029 2901; x_wconf 86' lang='lat' dir='ltr'>nostras,</span> <span class='ocrx_word' id='word_1_18' title='bbox 1052 2845 1197 2910; x_wconf 84' lang='lat' dir='ltr'>gravare,</span> <span class='ocrx_word' id='word_1_19' title='bbox 1222 2829 1293 2888; x_wconf 90' lang='lat' dir='ltr'>tur-</span> 
     </span>
    </p>
   </div>
   <div class='ocr_carea' id='block_1_3' title="bbox 74 3339 229 3458">
    <p class='ocr_par' dir='ltr' id='par_1_3' title="bbox 74 3339 229 3458">
     <span class='ocr_line' id='line_1_3' title="bbox 74 3339 229 3405; baseline 0 -15"><span class='ocrx_word' id='word_1_20' title='bbox 74 3339 105 3390; x_wconf 76' lang='lat' dir='ltr'><strong>u</strong></span> <span class='ocrx_word' id='word_1_21' title='bbox 118 3340 229 3405; x_wconf 80' lang='lat' dir='ltr'>Higden,</span> 
     </span>
     <span class='ocr_line' id='line_1_4' title="bbox 75 3407 208 3458; baseline 0.008 -1"><span class='ocrx_word' id='word_1_22' title='bbox 75 3407 123 3457; x_wconf 90' lang='lat' dir='ltr'>col.</span> <span class='ocrx_word' id='word_1_23' title='bbox 136 3413 208 3458; x_wconf 72' lang='lat'><strong>2⁴17.</strong></span> 
     </span>
    </p>
   </div>
   <div class='ocr_carea' id='block_1_4' title="bbox 499 789 1286 867">
    <p class='ocr_par' dir='ltr' id='par_1_4' title="bbox 499 789 1286 867">
     <span class='ocr_line' id='line_1_5' title="bbox 499 789 1286 867; baseline 0.006 -12"><span class='ocrx_word' id='word_1_24' title='bbox 499 806 712 856; x_wconf 71' lang='lat' dir='ltr'>mamona</span> <span class='ocrx_word' id='word_1_25' title='bbox 733 805 841 856; x_wconf 74' lang='lat' dir='ltr'>asans</span> <span class='ocrx_word' id='word_1_26' title='bbox 862 806 1028 867; x_wconf 77' lang='lat' dir='ltr'>orsurus</span> <span class='ocrx_word' id='word_1_27' title='bbox 1220 789 1286 860; x_wconf 72' lang='lat'>347</span> 
     </span>
    </p>
   </div>
   <div class='ocr_carea' id='block_1_5' title="bbox 240 981 1445 2480">
    <p class='ocr_par' dir='ltr' id='par_1_5' title="bbox 240 981 1445 1988">
     <span class='ocr_line' id='line_1_6' title="bbox 240 981 1445 1066; baseline 0 -21"><span class='ocrx_word' id='word_1_28' title='bbox 240 984 432 1045; x_wconf 85' lang='lat' dir='ltr'>tenemento</span> <span class='ocrx_word' id='word_1_29' title='bbox 455 1003 538 1066; x_wconf 86' lang='lat' dir='ltr'>quas</span> <span class='ocrx_word' id='word_1_30' title='bbox 561 986 644 1046; x_wconf 87' lang='lat' dir='ltr'>tuuc</span> <span class='ocrx_word' id='word_1_31' title='bbox 666 981 842 1045; x_wconf 75' lang='lat' dir='ltr'><strong>habuimus</strong></span> <span class='ocrx_word' id='word_1_32' title='bbox 864 981 900 1044; x_wconf 92' lang='lat' dir='ltr'>in</span> <span class='ocrx_word' id='word_1_33' title='bbox 923 981 1079 1058; x_wconf 88' lang='lat' dir='ltr'>Eboraco,</span> <span class='ocrx_word' id='word_1_34' title='bbox 1104 981 1445 1057; x_wconf 64' lang='lat' dir='ltr'>Beverucosnnua</span> 
     </span>
     <span class='ocr_line' id='line_1_7' title="bbox 240 1058 1392 1171; baseline 0.002 -26"><span class='ocrx_word' id='word_1_35' title='bbox 240 1082 276 1146; x_wconf 91' lang='lat' dir='ltr'>in</span> <span class='ocrx_word' id='word_1_36' title='bbox 301 1082 444 1169; x_wconf 86' lang='lat' dir='ltr'>Burgh0,</span> <span class='ocrx_word' id='word_1_37' title='bbox 468 1082 620 1161; x_wconf 88' lang='lat' dir='ltr'>Hedona,</span> <span class='ocrx_word' id='word_1_38' title='bbox 644 1083 805 1163; x_wconf 86' lang='lat' dir='ltr'>Amallia,</span> <span class='ocrx_word' id='word_1_39' title='bbox 828 1083 1034 1171; x_wconf 84' lang='lat' dir='ltr'>Aldburgho‚</span> <span class='ocrx_word' id='word_1_40' title='bbox 1051 1058 1392 1169; x_wconf 72' lang='lat' dir='ltr'>Dudyngtona,&#39;¹²¹⁸&#39;</span> 
     </span>
     <span class='ocr_line' id='line_1_8' title="bbox 242 1184 1288 1271; baseline 0 -23"><span class='ocrx_word' id='word_1_41' title='bbox 242 1184 387 1261; x_wconf 83' lang='lat' dir='ltr'>Besorth,</span> <span class='ocrx_word' id='word_1_42' title='bbox 424 1184 628 1271; x_wconf 84' lang='lat' dir='ltr'>Drynghow,</span> <span class='ocrx_word' id='word_1_43' title='bbox 666 1185 799 1265; x_wconf 76' lang='lat' dir='ltr'>Soteira,</span> <span class='ocrx_word' id='word_1_44' title='bbox 836 1185 869 1248; x_wconf 92' lang='lat' dir='ltr'>N</span> <span class='ocrx_word' id='word_1_45' title='bbox 872 1185 1094 1263; x_wconf 86' lang='lat' dir='ltr'>orthdaltona,</span> <span class='ocrx_word' id='word_1_46' title='bbox 1131 1184 1288 1264; x_wconf 84' lang='lat' dir='ltr'>Wartria,</span> 
     </span>
     <span class='ocr_line' id='line_1_9' title="bbox 241 1287 1288 1374; baseline 0 -23"><span class='ocrx_word' id='word_1_47' title='bbox 241 1287 543 1374; x_wconf 88' lang='lat' dir='ltr'>Haraldestborpia‚</span> <span class='ocrx_word' id='word_1_48' title='bbox 567 1287 834 1374; x_wconf 76' lang='lat' dir='ltr'>Waggethorpia</span> <span class='ocrx_word' id='word_1_49' title='bbox 854 1287 892 1351; x_wconf 92' lang='lat' dir='ltr'>in</span> <span class='ocrx_word' id='word_1_50' title='bbox 916 1287 1127 1365; x_wconf 82' lang='lat' dir='ltr'>Mollesorott,</span> <span class='ocrx_word' id='word_1_51' title='bbox 1148 1288 1184 1352; x_wconf 94' lang='lat' dir='ltr'>in</span> <span class='ocrx_word' id='word_1_52' title='bbox 1207 1287 1288 1352; x_wconf 89' lang='lat' dir='ltr'>villa</span> 
     </span>
     <span class='ocr_line' id='line_1_10' title="bbox 241 1389 1288 1478; baseline 0 -24"><span class='ocrx_word' id='word_1_53' title='bbox 241 1389 356 1455; x_wconf 85' lang='lat' dir='ltr'>Sancti</span> <span class='ocrx_word' id='word_1_54' title='bbox 380 1389 541 1477; x_wconf 90' lang='lat' dir='ltr'>Botulphi</span> <span class='ocrx_word' id='word_1_55' title='bbox 572 1395 607 1455; x_wconf 91' lang='lat' dir='ltr'>et</span> <span class='ocrx_word' id='word_1_56' title='bbox 640 1391 677 1454; x_wconf 93' lang='lat' dir='ltr'>in</span> <span class='ocrx_word' id='word_1_57' title='bbox 701 1390 920 1478; x_wconf 86' lang='lat' dir='ltr'>Knottyngle‚</span> <span class='ocrx_word' id='word_1_58' title='bbox 944 1389 1040 1455; x_wconf 88' lang='lat' dir='ltr'>nobis</span> <span class='ocrx_word' id='word_1_59' title='bbox 1063 1389 1288 1455; x_wconf 87' lang='lat' dir='ltr'>confirmabat.</span> 
     </span>
     <span class='ocr_line' id='line_1_11' title="bbox 242 1490 1395 1580; baseline 0 -24"><span class='ocrx_word' id='word_1_60' title='bbox 242 1492 321 1580; x_wconf 85' lang='lat' dir='ltr'>Ipse</span> <span class='ocrx_word' id='word_1_61' title='bbox 352 1497 465 1557; x_wconf 87' lang='lat' dir='ltr'>tamen</span> <span class='ocrx_word' id='word_1_62' title='bbox 487 1498 678 1558; x_wconf 80' lang='lat' dir='ltr'>tenemento</span> <span class='ocrx_word' id='word_1_63' title='bbox 699 1494 736 1558; x_wconf 93' lang='lat' dir='ltr'>in</span> <span class='ocrx_word' id='word_1_64' title='bbox 757 1492 953 1579; x_wconf 84' lang='lat' dir='ltr'>Aldburgho</span> <span class='ocrx_word' id='word_1_65' title='bbox 975 1497 1010 1558; x_wconf 92' lang='lat' dir='ltr'>et</span> <span class='ocrx_word' id='word_1_66' title='bbox 1032 1490 1318 1579; x_wconf 84' lang='lat' dir='ltr'>Waggethorpiaf.</span> <span class='ocrx_word' id='word_1_67' title='bbox 1332 1511 1360 1557; x_wconf 81' lang='lat'>51</span> <span class='ocrx_word' id='word_1_68' title='bbox 1372 1505 1395 1556; x_wconf 78' lang='lat' dir='ltr'>b.</span> 
     </span>
     <span class='ocr_line' id='line_1_12' title="bbox 240 1593 1289 1683; baseline 0.001 -24"><span class='ocrx_word' id='word_1_69' title='bbox 240 1617 261 1659; x_wconf 90' lang='lat' dir='ltr'>a</span> <span class='ocrx_word' id='word_1_70' title='bbox 283 1596 483 1660; x_wconf 86' lang='lat' dir='ltr'>monasterio</span> <span class='ocrx_word' id='word_1_71' title='bbox 505 1599 619 1660; x_wconf 91' lang='lat' dir='ltr'>nostro</span> <span class='ocrx_word' id='word_1_72' title='bbox 645 1600 686 1660; x_wconf 91' lang='lat' dir='ltr'>ut</span> <span class='ocrx_word' id='word_1_73' title='bbox 708 1596 884 1683; x_wconf 75' lang='lat' dir='ltr'>praefertur</span> <span class='ocrx_word' id='word_1_74' title='bbox 906 1599 985 1660; x_wconf 92' lang='lat' dir='ltr'>sunt</span> <span class='ocrx_word' id='word_1_75' title='bbox 1007 1595 1159 1660; x_wconf 83' lang='lat' dir='ltr'>alienata</span> <span class='ocrx_word' id='word_1_76' title='bbox 1206 1593 1289 1675; x_wconf 84' lang='lat' dir='ltr'>Quae</span> 
     </span>
     <span class='ocr_line' id='line_1_13' title="bbox 241 1696 1290 1785; baseline 0 -23"><span class='ocrx_word' id='word_1_77' title='bbox 241 1699 352 1762; x_wconf 89' lang='lat' dir='ltr'>omnia</span> <span class='ocrx_word' id='word_1_78' title='bbox 385 1699 586 1784; x_wconf 88' lang='lat' dir='ltr'>praescripta,</span> <span class='ocrx_word' id='word_1_79' title='bbox 608 1699 744 1785; x_wconf 87' lang='lat' dir='ltr'>pariter</span> <span class='ocrx_word' id='word_1_80' title='bbox 758 1704 793 1764; x_wconf 91' lang='lat' dir='ltr'>et</span> <span class='ocrx_word' id='word_1_81' title='bbox 815 1721 884 1777; x_wconf 89' lang='lat' dir='ltr'>nos,</span> <span class='ocrx_word' id='word_1_82' title='bbox 907 1697 1016 1762; x_wconf 91' lang='lat' dir='ltr'>voluit</span> <span class='ocrx_word' id='word_1_83' title='bbox 1038 1696 1141 1762; x_wconf 88' lang='lat' dir='ltr'>libera</span> <span class='ocrx_word' id='word_1_84' title='bbox 1164 1718 1233 1762; x_wconf 91' lang='lat' dir='ltr'>esse</span> <span class='ocrx_word' id='word_1_85' title='bbox 1256 1703 1290 1762; x_wconf 91' lang='lat' dir='ltr'>et</span> 
     </span>
     <span class='ocr_line' id='line_1_14' title="bbox 241 1799 1290 1885; baseline -0.001 -21"><span class='ocrx_word' id='word_1_86' title='bbox 241 1801 354 1885; x_wconf 91' lang='lat' dir='ltr'>quieta</span> <span class='ocrx_word' id='word_1_87' title='bbox 376 1801 417 1865; x_wconf 92' lang='lat' dir='ltr'>de</span> <span class='ocrx_word' id='word_1_88' title='bbox 447 1801 643 1865; x_wconf 88' lang='lat' dir='ltr'>omnimodis</span> <span class='ocrx_word' id='word_1_89' title='bbox 667 1801 906 1876; x_wconf 83' lang='lat' dir='ltr'>misericordiis,</span> <span class='ocrx_word' id='word_1_90' title='bbox 932 1799 1147 1865; x_wconf 79' lang='lat' dir='ltr'>forisfacturis</span> <span class='ocrx_word' id='word_1_91' title='bbox 1169 1806 1204 1865; x_wconf 92' lang='lat' dir='ltr'>et</span> <span class='ocrx_word' id='word_1_92' title='bbox 1226 1799 1290 1863; x_wconf 88' lang='lat' dir='ltr'>tal-</span> 
     </span>
     <span class='ocr_line' id='line_1_15' title="bbox 240 1902 1291 1988; baseline 0.002 -23"><span class='ocrx_word' id='word_1_93' title='bbox 240 1902 345 1986; x_wconf 84' lang='lat' dir='ltr'>legiis,</span> <span class='ocrx_word' id='word_1_94' title='bbox 370 1906 404 1967; x_wconf 92' lang='lat' dir='ltr'>et</span> <span class='ocrx_word' id='word_1_95' title='bbox 434 1903 532 1967; x_wconf 87' lang='lat' dir='ltr'>sectis</span> <span class='ocrx_word' id='word_1_96' title='bbox 555 1903 781 1982; x_wconf 74' lang='lat' dir='ltr'>comitatuum,</span> <span class='ocrx_word' id='word_1_97' title='bbox 808 1909 841 1967; x_wconf 91' lang='lat' dir='ltr'>et</span> <span class='ocrx_word' id='word_1_98' title='bbox 865 1902 1076 1988; x_wconf 83' lang='lat' dir='ltr'>thethynges,</span> <span class='ocrx_word' id='word_1_99' title='bbox 1102 1909 1136 1968; x_wconf 91' lang='lat' dir='ltr'>et</span> <span class='ocrx_word' id='word_1_100' title='bbox 1158 1924 1291 1988; x_wconf 87' lang='lat' dir='ltr'>wapen-</span> 
     </span>
    </p>

    <p class='ocr_par' dir='ltr' id='par_1_6' title="bbox 241 2004 1293 2295">
     <span class='ocr_line' id='line_1_16' title="bbox 241 2004 1291 2090; baseline 0.001 -21"><span class='ocrx_word' id='word_1_101' title='bbox 241 2005 310 2082; x_wconf 74' lang='lat' dir='ltr'>tau,</span> <span class='ocrx_word' id='word_1_102' title='bbox 341 2004 526 2081; x_wconf 87' lang='lat' dir='ltr'>assisarum,</span> <span class='ocrx_word' id='word_1_103' title='bbox 558 2005 763 2090; x_wconf 86' lang='lat' dir='ltr'>placitorum,</span> <span class='ocrx_word' id='word_1_104' title='bbox 788 2010 823 2069; x_wconf 91' lang='lat' dir='ltr'>et</span> <span class='ocrx_word' id='word_1_105' title='bbox 845 2005 980 2069; x_wconf 80' lang='lat' dir='ltr'>auxiliis</span> <span class='ocrx_word' id='word_1_106' title='bbox 1002 2004 1234 2070; x_wconf 85' lang='lat' dir='ltr'>vicecomitum</span> <span class='ocrx_word' id='word_1_107' title='bbox 1256 2010 1291 2070; x_wconf 87' lang='lat' dir='ltr'>et</span> 
     </span>
     <span class='ocr_line' id='line_1_17' title="bbox 241 2107 1290 2187; baseline 0.002 -16"><span class='ocrx_word' id='word_1_108' title='bbox 241 2109 445 2172; x_wconf 87' lang='lat' dir='ltr'>servientum</span> <span class='ocrx_word' id='word_1_109' title='bbox 467 2128 589 2187; x_wconf 91' lang='lat' dir='ltr'>eorum,</span> <span class='ocrx_word' id='word_1_110' title='bbox 613 2113 648 2173; x_wconf 91' lang='lat' dir='ltr'>et</span> <span class='ocrx_word' id='word_1_111' title='bbox 678 2108 719 2173; x_wconf 92' lang='lat' dir='ltr'>de</span> <span class='ocrx_word' id='word_1_112' title='bbox 749 2108 839 2173; x_wconf 89' lang='lat' dir='ltr'>omni</span> <span class='ocrx_word' id='word_1_113' title='bbox 862 2111 994 2172; x_wconf 89' lang='lat' dir='ltr'>terreno</span> <span class='ocrx_word' id='word_1_114' title='bbox 1016 2107 1154 2173; x_wconf 83' lang='lat' dir='ltr'>servitio</span> <span class='ocrx_word' id='word_1_115' title='bbox 1177 2113 1212 2172; x_wconf 91' lang='lat' dir='ltr'>et</span> <span class='ocrx_word' id='word_1_116' title='bbox 1234 2130 1290 2173; x_wconf 84' lang='lat' dir='ltr'>ex·</span> 
     </span>
     <span class='ocr_line' id='line_1_18' title="bbox 242 2208 1293 2295; baseline 0.001 -21"><span class='ocrx_word' id='word_1_117' title='bbox 242 2208 371 2274; x_wconf 85' lang='lat' dir='ltr'>actione</span> <span class='ocrx_word' id='word_1_118' title='bbox 394 2208 544 2275; x_wconf 85' lang='lat' dir='ltr'>saeculari</span> <span class='ocrx_word' id='word_1_119' title='bbox 556 2234 563 2290; x_wconf 92' lang='lat'>;</span> <span class='ocrx_word' id='word_1_120' title='bbox 594 2216 628 2274; x_wconf 91' lang='lat' dir='ltr'>et</span> <span class='ocrx_word' id='word_1_121' title='bbox 659 2210 747 2295; x_wconf 90' lang='lat' dir='ltr'>quod</span> <span class='ocrx_word' id='word_1_122' title='bbox 769 2209 964 2275; x_wconf 89' lang='lat' dir='ltr'>haberemus</span> <span class='ocrx_word' id='word_1_123' title='bbox 986 2231 1099 2275; x_wconf 90' lang='lat' dir='ltr'>omnes</span> <span class='ocrx_word' id='word_1_124' title='bbox 1121 2210 1293 2275; x_wconf 87' lang='lat' dir='ltr'>libertates</span> 
     </span>
    </p>

    <p class='ocr_par' dir='ltr' id='par_1_7' title="bbox 245 2309 1294 2398">
     <span class='ocr_line' id='line_1_19' title="bbox 245 2309 1294 2398; baseline -0.001 -22"><span class='ocrx_word' id='word_1_125' title='bbox 245 2318 279 2377; x_wconf 92' lang='lat' dir='ltr'>et</span> <span class='ocrx_word' id='word_1_126' title='bbox 303 2312 505 2396; x_wconf 88' lang='lat' dir='ltr'>quietantias</span> <span class='ocrx_word' id='word_1_127' title='bbox 528 2334 601 2396; x_wconf 88' lang='lat' dir='ltr'>quae</span> <span class='ocrx_word' id='word_1_128' title='bbox 624 2335 644 2375; x_wconf 86' lang='lat' dir='ltr'>a</span> <span class='ocrx_word' id='word_1_129' title='bbox 666 2312 799 2398; x_wconf 85' lang='lat' dir='ltr'>regibus</span> <span class='ocrx_word' id='word_1_130' title='bbox 821 2312 954 2398; x_wconf 83' lang='lat' dir='ltr'>Angliae</span> <span class='ocrx_word' id='word_1_131' title='bbox 981 2309 1078 2376; x_wconf 91' lang='lat' dir='ltr'>nobis</span> <span class='ocrx_word' id='word_1_132' title='bbox 1100 2311 1153 2375; x_wconf 90' lang='lat' dir='ltr'>vel</span> <span class='ocrx_word' id='word_1_133' title='bbox 1175 2312 1294 2397; x_wconf 91' lang='lat' dir='ltr'>aliqui-</span> 
     </span>
    </p>

    <p class='ocr_par' dir='ltr' id='par_1_8' title="bbox 245 2412 1293 2480">
     <span class='ocr_line' id='line_1_20' title="bbox 245 2412 1293 2480; baseline 0.001 -1"><span class='ocrx_word' id='word_1_134' title='bbox 245 2414 307 2479; x_wconf 88' lang='lat' dir='ltr'>bus</span> <span class='ocrx_word' id='word_1_135' title='bbox 329 2413 402 2478; x_wconf 87' lang='lat' dir='ltr'>aliis</span> <span class='ocrx_word' id='word_1_136' title='bbox 425 2414 465 2477; x_wconf 93' lang='lat' dir='ltr'>de</span> <span class='ocrx_word' id='word_1_137' title='bbox 500 2413 615 2478; x_wconf 90' lang='lat' dir='ltr'>ordine</span> <span class='ocrx_word' id='word_1_138' title='bbox 650 2418 763 2479; x_wconf 89' lang='lat' dir='ltr'>nostro</span> <span class='ocrx_word' id='word_1_139' title='bbox 787 2413 999 2479; x_wconf 87' lang='lat' dir='ltr'>Oisterciensi</span> <span class='ocrx_word' id='word_1_140' title='bbox 1021 2412 1293 2480; x_wconf 85' lang='lat' dir='ltr'>concedebantur.</span> 
     </span>
    </p>
   </div>
   <div class='ocr_carea' id='block_1_6' title="bbox 244 2473 1601 2771">
    <p class='ocr_par' dir='ltr' id='par_1_9' title="bbox 244 2473 1601 2771">
     <span class='ocr_line' id='line_1_21' title="bbox 244 2473 1601 2637; baseline 0.005 -58"><span class='ocrx_word' id='word_1_141' title='bbox 244 2516 290 2580; x_wconf 87' lang='lat' dir='ltr'>Et</span> <span class='ocrx_word' id='word_1_142' title='bbox 321 2537 363 2579; x_wconf 88' lang='lat' dir='ltr'>no</span> <span class='ocrx_word' id='word_1_143' title='bbox 395 2516 516 2602; x_wconf 89' lang='lat' dir='ltr'>aliquis</span> <span class='ocrx_word' id='word_1_144' title='bbox 547 2537 624 2600; x_wconf 72' lang='lat' dir='ltr'>oves</span> <span class='ocrx_word' id='word_1_145' title='bbox 658 2520 789 2580; x_wconf 89' lang='lat' dir='ltr'>nostras</span> <span class='ocrx_word' id='word_1_146' title='bbox 821 2537 935 2602; x_wconf 84' lang='lat' dir='ltr'>capere</span> <span class='ocrx_word' id='word_1_147' title='bbox 966 2515 1021 2579; x_wconf 90' lang='lat' dir='ltr'>vel</span> <span class='ocrx_word' id='word_1_148' title='bbox 1057 2537 1178 2580; x_wconf 87' lang='lat' dir='ltr'>vexare</span> <span class='ocrx_word' id='word_1_149' title='bbox 1209 2539 1293 2602; x_wconf 83' lang='lat' dir='ltr'>prae-</span> <span class='ocrx_word' id='word_1_150' title='bbox 1318 2473 1601 2637; x_wconf 34' lang='lat' dir='ltr'>QZ&amp;</span> 
     </span>
     <span class='ocr_line' id='line_1_22' title="bbox 1329 2611 1601 2771; baseline -0.011 -2"><span class='ocrx_word' id='word_1_151' title='bbox 1329 2611 1601 2771; x_wconf 52' lang='lat' dir='ltr'>west</span> 
     </span>
    </p>
   </div>
   <div class='ocr_carea' id='block_1_7' title="bbox 1354 2763 1498 2837">
    <p class='ocr_par' dir='ltr' id='par_1_10' title="bbox 1354 2763 1498 2837">
     <span class='ocr_line' id='line_1_23' title="bbox 1354 2763 1498 2837; baseline -0.021 -16"><span class='ocrx_word' id='word_1_152' title='bbox 1354 2763 1498 2837; x_wconf 58' lang='lat' dir='ltr'>pur-⁸⁷¹„</span> 
     </span>
    </p>
   </div>
   <div class='ocr_carea' id='block_1_8' title="bbox 244 2720 1483 2855">
    <p class='ocr_par' dir='ltr' id='par_1_11' title="bbox 244 2720 1483 2855">
     <span class='ocr_line' id='line_1_24' title="bbox 244 2720 1483 2855; baseline 0.001 -69"><span class='ocrx_word' id='word_1_153' title='bbox 244 2721 457 2786; x_wconf 79' lang='lat' dir='ltr'>habuerimus</span> <span class='ocrx_word' id='word_1_154' title='bbox 487 2721 601 2785; x_wconf 85' lang='lat' dir='ltr'>averia</span> <span class='ocrx_word' id='word_1_155' title='bbox 622 2743 682 2807; x_wconf 88' lang='lat' dir='ltr'>per</span> <span class='ocrx_word' id='word_1_156' title='bbox 705 2742 780 2806; x_wconf 85' lang='lat' dir='ltr'>quae</span> <span class='ocrx_word' id='word_1_157' title='bbox 802 2741 970 2807; x_wconf 87' lang='lat' dir='ltr'>possemus</span> <span class='ocrx_word' id='word_1_158' title='bbox 988 2720 1162 2806; x_wconf 85' lang='lat' dir='ltr'>justitiari,</span> <span class='ocrx_word' id='word_1_159' title='bbox 1185 2725 1220 2787; x_wconf 93' lang='lat' dir='ltr'>et</span> <span class='ocrx_word' id='word_1_160' title='bbox 1251 2744 1293 2787; x_wconf 90' lang='lat' dir='ltr'>ne</span> <span class='ocrx_word' id='word_1_161' title='bbox 1472 2801 1483 2855; x_wconf 45' lang='lat' dir='ltr'><em>l</em></span> 
     </span>
    </p>
   </div>
   <div class='ocr_carea' id='block_1_9' title="bbox 243 2924 1324 3422">
    <p class='ocr_par' dir='ltr' id='par_1_12' title="bbox 243 2924 1324 3422">
     <span class='ocr_line' id='line_1_25' title="bbox 243 2924 1293 3011; baseline 0 -19"><span class='ocrx_word' id='word_1_162' title='bbox 243 2926 321 2992; x_wconf 86' lang='lat' dir='ltr'>bare</span> <span class='ocrx_word' id='word_1_163' title='bbox 353 2926 408 2991; x_wconf 89' lang='lat' dir='ltr'>vel</span> <span class='ocrx_word' id='word_1_164' title='bbox 438 2925 606 3003; x_wconf 89' lang='lat' dir='ltr'>invadere,</span> <span class='ocrx_word' id='word_1_165' title='bbox 645 2930 869 3011; x_wconf 86' lang='lat' dir='ltr'>praesumeret,</span> <span class='ocrx_word' id='word_1_166' title='bbox 906 2924 968 2989; x_wconf 89' lang='lat' dir='ltr'>sub</span> <span class='ocrx_word' id='word_1_167' title='bbox 1005 2924 1213 2990; x_wconf 81' lang='lat' dir='ltr'>forisfactura</span> <span class='ocrx_word' id='word_1_168' title='bbox 1247 2925 1293 2992; x_wconf 85' lang='lat' dir='ltr'>xi.</span> 
     </span>
     <span class='ocr_line' id='line_1_26' title="bbox 244 3024 1293 3115; baseline 0.001 -22"><span class='ocrx_word' id='word_1_169' title='bbox 244 3029 402 3093; x_wconf 86' lang='lat' dir='ltr'>librarum</span> <span class='ocrx_word' id='word_1_170' title='bbox 437 3028 568 3114; x_wconf 82' lang='lat' dir='ltr'>argenti</span> <span class='ocrx_word' id='word_1_171' title='bbox 599 3024 817 3113; x_wconf 91' lang='lat' dir='ltr'>prohibebat.¹</span> <span class='ocrx_word' id='word_1_172' title='bbox 866 3027 917 3091; x_wconf 90' lang='lat' dir='ltr'>Da</span> <span class='ocrx_word' id='word_1_173' title='bbox 948 3026 1021 3091; x_wconf 88' lang='lat' dir='ltr'>aliis</span> <span class='ocrx_word' id='word_1_174' title='bbox 1045 3027 1165 3114; x_wconf 89' lang='lat' dir='ltr'>quippe</span> <span class='ocrx_word' id='word_1_175' title='bbox 1189 3029 1293 3115; x_wconf 88' lang='lat' dir='ltr'>gestis</span> 
     </span>
     <span class='ocr_line' id='line_1_27' title="bbox 245 3128 1294 3217; baseline 0 -21"><span class='ocrx_word' id='word_1_176' title='bbox 245 3132 453 3197; x_wconf 89' lang='lat' dir='ltr'>mirabilibus</span> <span class='ocrx_word' id='word_1_177' title='bbox 485 3130 633 3216; x_wconf 88' lang='lat' dir='ltr'>ejusdem</span> <span class='ocrx_word' id='word_1_178' title='bbox 664 3129 751 3216; x_wconf 85' lang='lat' dir='ltr'>regis</span> <span class='ocrx_word' id='word_1_179' title='bbox 775 3128 940 3194; x_wconf 86' lang='lat' dir='ltr'>Johannis</span> <span class='ocrx_word' id='word_1_180' title='bbox 969 3133 1116 3215; x_wconf 89' lang='lat' dir='ltr'>tempore</span> <span class='ocrx_word' id='word_1_181' title='bbox 1139 3130 1294 3217; x_wconf 86' lang='lat' dir='ltr'>Hugonis</span> 
     </span>
     <span class='ocr_line' id='line_1_28' title="bbox 244 3229 1293 3316; baseline 0 -19"><span class='ocrx_word' id='word_1_182' title='bbox 244 3233 376 3298; x_wconf 90' lang='lat' dir='ltr'>abbatis</span> <span class='ocrx_word' id='word_1_183' title='bbox 391 3233 495 3298; x_wconf 87' lang='lat' dir='ltr'>nostri</span> <span class='ocrx_word' id='word_1_184' title='bbox 521 3234 539 3295; x_wconf 82' lang='lat'>5</span> <span class='ocrx_word' id='word_1_185' title='bbox 563 3237 677 3316; x_wconf 87' lang='lat' dir='ltr'>postea</span> <span class='ocrx_word' id='word_1_186' title='bbox 699 3231 865 3296; x_wconf 88' lang='lat' dir='ltr'>referetur.</span> <span class='ocrx_word' id='word_1_187' title='bbox 912 3229 1008 3296; x_wconf 82' lang='lat' dir='ltr'>Circa</span> <span class='ocrx_word' id='word_1_188' title='bbox 1030 3253 1154 3296; x_wconf 93' lang='lat' dir='ltr'>nonum</span> <span class='ocrx_word' id='word_1_189' title='bbox 1168 3254 1293 3303; x_wconf 87' lang='lat' dir='ltr'>annum</span> 
     </span>
     <span class='ocr_line' id='line_1_29' title="bbox 244 3332 1324 3422; baseline 0 -22"><span class='ocrx_word' id='word_1_190' title='bbox 244 3336 342 3422; x_wconf 88' lang='lat' dir='ltr'>hujus</span> <span class='ocrx_word' id='word_1_191' title='bbox 372 3332 457 3421; x_wconf 72' lang='lat' dir='ltr'>regis</span> <span class='ocrx_word' id='word_1_192' title='bbox 480 3334 644 3400; x_wconf 84' lang='lat' dir='ltr'>Johannis</span> <span class='ocrx_word' id='word_1_193' title='bbox 671 3332 758 3398; x_wconf 81' lang='lat' dir='ltr'>canes</span> <span class='ocrx_word' id='word_1_194' title='bbox 777 3347 808 3397; x_wconf 91' lang='lat' dir='ltr'>et</span> <span class='ocrx_word' id='word_1_195' title='bbox 833 3343 952 3398; x_wconf 85' lang='lat' dir='ltr'>mastivi</span> <span class='ocrx_word' id='word_1_196' title='bbox 976 3360 1030 3412; x_wconf 92' lang='lat' dir='ltr'>per</span> <span class='ocrx_word' id='word_1_197' title='bbox 1051 3343 1174 3399; x_wconf 82' lang='lat' dir='ltr'>forestas</span> <span class='ocrx_word' id='word_1_198' title='bbox 1192 3362 1293 3401; x_wconf 89' lang='lat' dir='ltr'>omnes</span> <span class='ocrx_word' id='word_1_199' title='bbox 1320 3372 1324 3381; x_wconf 92' lang='lat'><strong>·</strong></span> 
     </span>
    </p>
   </div>
   <div class='ocr_carea' id='block_1_10' title="bbox 243 3420 1403 3529">
    <p class='ocr_par' dir='ltr' id='par_1_13' title="bbox 243 3420 1403 3529">
     <span class='ocr_line' id='line_1_30' title="bbox 243 3420 1403 3529; baseline -0.006 -27"><span class='ocrx_word' id='word_1_200' title='bbox 243 3447 361 3529; x_wconf 61' lang='lat' dir='ltr'>Anglire</span> <span class='ocrx_word' id='word_1_201' title='bbox 379 3445 560 3501; x_wconf 89' lang='lat' dir='ltr'>occiduntur.</span> <span class='ocrx_word' id='word_1_202' title='bbox 596 3443 685 3516; x_wconf 84' lang='lat' dir='ltr'>Apud</span> <span class='ocrx_word' id='word_1_203' title='bbox 704 3443 906 3525; x_wconf 13' lang='lat' dir='ltr'>Sbuthwalliam</span> <span class='ocrx_word' id='word_1_204' title='bbox 927 3435 1036 3515; x_wconf 79' lang='lat' dir='ltr'>etiam,</span> <span class='ocrx_word' id='word_1_205' title='bbox 1060 3445 1091 3498; x_wconf 90' lang='lat' dir='ltr'>in</span> <span class='ocrx_word' id='word_1_206' title='bbox 1115 3449 1195 3500; x_wconf 87' lang='lat' dir='ltr'>terra</span> <span class='ocrx_word' id='word_1_207' title='bbox 1214 3445 1293 3501; x_wconf 89' lang='lat' dir='ltr'>Mor·</span> <span class='ocrx_word' id='word_1_208' title='bbox 1306 3420 1403 3495; x_wconf 70' lang='lat' dir='ltr'>Mustel-</span> 
     </span>
    </p>
   </div>
   <div class='ocr_carea' id='block_1_11' title="bbox 244 3511 1440 3629">
    <p class='ocr_par' dir='ltr' id='par_1_14' title="bbox 244 3511 1440 3629">
     <span class='ocr_line' id='line_1_31' title="bbox 244 3511 1440 3629; baseline 0.006 -36"><span class='ocrx_word' id='word_1_209' title='bbox 244 3539 323 3612; x_wconf 82' lang='lat' dir='ltr'>gani,</span> <span class='ocrx_word' id='word_1_210' title='bbox 353 3540 489 3610; x_wconf 86' lang='lat' dir='ltr'>apparuit</span> <span class='ocrx_word' id='word_1_211' title='bbox 518 3539 548 3592; x_wconf 90' lang='lat' dir='ltr'>in</span> <span class='ocrx_word' id='word_1_212' title='bbox 580 3536 688 3592; x_wconf 90' lang='lat' dir='ltr'>somnis</span> <span class='ocrx_word' id='word_1_213' title='bbox 716 3537 859 3606; x_wconf 85' lang='lat' dir='ltr'>magistro</span> <span class='ocrx_word' id='word_1_214' title='bbox 885 3536 1025 3592; x_wconf 85' lang='lat' dir='ltr'>Mauritio</span> <span class='ocrx_word' id='word_1_215' title='bbox 1051 3537 1136 3592; x_wconf 87' lang='lat' dir='ltr'>milas</span> <span class='ocrx_word' id='word_1_216' title='bbox 1162 3538 1290 3608; x_wconf 89' lang='lat' dir='ltr'>qnidam,</span> <span class='ocrx_word' id='word_1_217' title='bbox 1305 3511 1440 3629; x_wconf 52' lang='lat' dir='ltr'>{ffiwf</span> 
     </span>
    </p>
   </div>
   <div class='ocr_carea' id='block_1_12' title="bbox 244 3619 1399 4025">
    <p class='ocr_par' dir='ltr' id='par_1_15' title="bbox 244 3619 1399 4025">
     <span class='ocr_line' id='line_1_32' title="bbox 244 3619 1399 3695; baseline 0 -17"><span class='ocrx_word' id='word_1_218' title='bbox 244 3642 311 3679; x_wconf 93' lang='lat' dir='ltr'>cum</span> <span class='ocrx_word' id='word_1_219' title='bbox 330 3642 387 3694; x_wconf 86' lang='lat' dir='ltr'>quo</span> <span class='ocrx_word' id='word_1_220' title='bbox 406 3622 526 3677; x_wconf 88' lang='lat' dir='ltr'>alternis</span> <span class='ocrx_word' id='word_1_221' title='bbox 539 3621 673 3676; x_wconf 87' lang='lat' dir='ltr'>versibus</span> <span class='ocrx_word' id='word_1_222' title='bbox 691 3637 768 3675; x_wconf 89' lang='lat' dir='ltr'>nuno</span> <span class='ocrx_word' id='word_1_223' title='bbox 784 3619 948 3691; x_wconf 89' lang='lat' dir='ltr'>incipiendo</span> <span class='ocrx_word' id='word_1_224' title='bbox 967 3638 1043 3676; x_wconf 90' lang='lat' dir='ltr'>nunc</span> <span class='ocrx_word' id='word_1_225' title='bbox 1060 3621 1185 3676; x_wconf 88' lang='lat' dir='ltr'>finiendo</span> <span class='ocrx_word' id='word_1_226' title='bbox 1203 3624 1293 3678; x_wconf 89' lang='lat' dir='ltr'>oollu-</span> <span class='ocrx_word' id='word_1_227' title='bbox 1306 3645 1399 3695; x_wconf 43' lang='lat' dir='ltr'><strong>waes,</strong></span> 
     </span>
     <span class='ocr_line' id='line_1_33' title="bbox 245 3703 1293 3778; baseline 0 -16"><span class='ocrx_word' id='word_1_228' title='bbox 245 3708 314 3762; x_wconf 85' lang='lat' dir='ltr'>dere</span> <span class='ocrx_word' id='word_1_229' title='bbox 333 3705 444 3778; x_wconf 78' lang='lat' dir='ltr'>coepit.²</span> <span class='ocrx_word' id='word_1_230' title='bbox 491 3705 547 3774; x_wconf 83' lang='lat' dir='ltr'>Qui</span> <span class='ocrx_word' id='word_1_231' title='bbox 567 3712 597 3760; x_wconf 89' lang='lat' dir='ltr'>ct</span> <span class='ocrx_word' id='word_1_232' title='bbox 620 3704 703 3768; x_wconf 83' lang='lat' dir='ltr'>dixit,</span> <span class='ocrx_word' id='word_1_233' title='bbox 719 3703 892 3775; x_wconf 84' lang='lat' dir='ltr'>“Magister</span> <span class='ocrx_word' id='word_1_234' title='bbox 915 3704 1051 3770; x_wconf 85' lang='lat' dir='ltr'>Maurici,</span> <span class='ocrx_word' id='word_1_235' title='bbox 1073 3706 1140 3760; x_wconf 83' lang='lat' dir='ltr'>volo</span> <span class='ocrx_word' id='word_1_236' title='bbox 1158 3711 1193 3761; x_wconf 90' lang='lat' dir='ltr'>ut</span> <span class='ocrx_word' id='word_1_237' title='bbox 1210 3707 1293 3762; x_wconf 87' lang='lat' dir='ltr'>finies</span> 
     </span>
     <span class='ocr_line' id='line_1_34' title="bbox 247 3788 1293 3860; baseline 0 -15"><span class='ocrx_word' id='word_1_238' title='bbox 247 3797 265 3818; x_wconf 83' lang='lat'>‘⁶</span> <span class='ocrx_word' id='word_1_239' title='bbox 286 3792 362 3846; x_wconf 90' lang='lat' dir='ltr'>huno</span> <span class='ocrx_word' id='word_1_240' title='bbox 386 3807 515 3854; x_wconf 82' lang='lat' dir='ltr'>versum,</span> <span class='ocrx_word' id='word_1_241' title='bbox 538 3789 696 3844; x_wconf 85' lang='lat' dir='ltr'>‘Destruet</span> <span class='ocrx_word' id='word_1_242' title='bbox 721 3788 774 3843; x_wconf 89' lang='lat' dir='ltr'>hoo</span> <span class='ocrx_word' id='word_1_243' title='bbox 801 3805 926 3859; x_wconf 81' lang='lat' dir='ltr'>regnum</span> <span class='ocrx_word' id='word_1_244' title='bbox 944 3789 1006 3843; x_wconf 84' lang='lat' dir='ltr'>Rex</span> <span class='ocrx_word' id='word_1_245' title='bbox 1027 3788 1181 3860; x_wconf 77' lang='lat' dir='ltr'>regum.’&#39;&#39;</span> <span class='ocrx_word' id='word_1_246' title='bbox 1218 3790 1293 3846; x_wconf 84' lang='lat' dir='ltr'>Ourn</span> 
     </span>
     <span class='ocr_line' id='line_1_35' title="bbox 244 3871 1294 3942; baseline 0 -13"><span class='ocrx_word' id='word_1_247' title='bbox 244 3875 313 3940; x_wconf 87' lang='lat' dir='ltr'>ille;</span> <span class='ocrx_word' id='word_1_248' title='bbox 335 3873 460 3928; x_wconf 88' lang='lat' dir='ltr'>“Immo</span> <span class='ocrx_word' id='word_1_249' title='bbox 484 3872 568 3927; x_wconf 84' lang='lat' dir='ltr'>finias</span> <span class='ocrx_word' id='word_1_250' title='bbox 594 3878 627 3927; x_wconf 93' lang='lat' dir='ltr'>tu</span> <span class='ocrx_word' id='word_1_251' title='bbox 654 3871 705 3942; x_wconf 92' lang='lat' dir='ltr'>qni</span> <span class='ocrx_word' id='word_1_252' title='bbox 732 3889 851 3926; x_wconf 87' lang='lat' dir='ltr'>versum</span> <span class='ocrx_word' id='word_1_253' title='bbox 882 3872 942 3926; x_wconf 80' lang='lat' dir='ltr'>lere</span> <span class='ocrx_word' id='word_1_254' title='bbox 970 3873 1209 3928; x_wconf 83' lang='lat' dir='ltr'>consummasti.”</span> <span class='ocrx_word' id='word_1_255' title='bbox 1252 3873 1294 3929; x_wconf 85' lang='lat' dir='ltr'>At</span> 
     </span>
     <span class='ocr_line' id='line_1_36' title="bbox 246 3954 1295 4025; baseline -0.001 -12"><span class='ocrx_word' id='word_1_256' title='bbox 246 3959 340 4022; x_wconf 84' lang='lat' dir='ltr'>miles,</span> <span class='ocrx_word' id='word_1_257' title='bbox 361 3956 464 4025; x_wconf 79' lang='lat' dir='ltr'>“Quia</span> <span class='ocrx_word' id='word_1_258' title='bbox 482 3974 569 4010; x_wconf 88' lang='lat' dir='ltr'>senex</span> <span class='ocrx_word' id='word_1_259' title='bbox 587 3973 618 4009; x_wconf 92' lang='lat' dir='ltr'>es</span> <span class='ocrx_word' id='word_1_260' title='bbox 637 3960 668 4010; x_wconf 89' lang='lat' dir='ltr'>et</span> <span class='ocrx_word' id='word_1_261' title='bbox 684 3954 794 4010; x_wconf 79' lang='lat' dir='ltr'>hebes³</span> <span class='ocrx_word' id='word_1_262' title='bbox 805 3961 840 4010; x_wconf 91' lang='lat' dir='ltr'>nt</span> <span class='ocrx_word' id='word_1_263' title='bbox 851 3955 936 4010; x_wconf 85' lang='lat' dir='ltr'>video</span> <span class='ocrx_word' id='word_1_264' title='bbox 955 3957 998 4011; x_wconf 88' lang='lat' dir='ltr'>sic</span> <span class='ocrx_word' id='word_1_265' title='bbox 1016 3956 1115 4012; x_wconf 88' lang='lat' dir='ltr'>finies:</span> <span class='ocrx_word' id='word_1_266' title='bbox 1137 3957 1295 4013; x_wconf 83' lang='lat' dir='ltr'>‘Destruet</span> 
     </span>
    </p>
   </div>
   <div class='ocr_carea' id='block_1_13' title="bbox 248 4041 1292 4128">
    <p class='ocr_par' dir='ltr' id='par_1_16' title="bbox 248 4041 1292 4128">
     <span class='ocr_line' id='line_1_37' title="bbox 248 4041 1292 4128; baseline 0.009 -26"><span class='ocrx_word' id='word_1_267' title='bbox 248 4055 267 4079; x_wconf 89' lang='lat'>“</span> <span class='ocrx_word' id='word_1_268' title='bbox 289 4051 364 4104; x_wconf 89' lang='lat' dir='ltr'>‘hoc</span> <span class='ocrx_word' id='word_1_269' title='bbox 389 4066 513 4120; x_wconf 87' lang='lat' dir='ltr'>regnum</span> <span class='ocrx_word' id='word_1_270' title='bbox 532 4048 595 4102; x_wconf 84' lang='lat' dir='ltr'>Rex</span> <span class='ocrx_word' id='word_1_271' title='bbox 613 4066 718 4119; x_wconf 83' lang='lat' dir='ltr'>regum</span> <span class='ocrx_word' id='word_1_272' title='bbox 745 4047 862 4120; x_wconf 90' lang='lat' dir='ltr'>duplice</span> <span class='ocrx_word' id='word_1_273' title='bbox 890 4049 1024 4120; x_wconf 58' lang='lat' dir='ltr'>plagam</span> <span class='ocrx_word' id='word_1_274' title='bbox 1064 4041 1139 4128; x_wconf 75' lang='lat' dir='ltr'>Ipse</span> <span class='ocrx_word' id='word_1_275' title='bbox 1161 4041 1292 4127; x_wconf 77' lang='lat' dir='ltr'>quidem</span> 
     </span>
    </p>
   </div>
   <div class='ocr_carea' id='block_1_14' title="bbox 248 4241 1236 4255">
    <p class='ocr_par' dir='ltr' id='par_1_17' title="bbox 248 4241 1236 4255">
     <span class='ocr_line' id='line_1_38' title="bbox 248 4241 1236 4255; baseline -0.002 -4"><span class='ocrx_word' id='word_1_276' title='bbox 248 4244 423 4255; x_wconf 65' lang='grc'>--,.-..-</span> <span class='ocrx_word' id='word_1_277' title='bbox 440 4245 469 4249; x_wconf 90' lang='grc'>--</span> <span class='ocrx_word' id='word_1_278' title='bbox 487 4243 503 4249; x_wconf 56' lang='grc' dir='ltr'><em>ω</em></span> <span class='ocrx_word' id='word_1_279' title='bbox 570 4244 574 4248; x_wconf 92' lang='grc'><em>.</em></span> <span class='ocrx_word' id='word_1_280' title='bbox 835 4242 856 4246; x_wconf 76' lang='grc'>-.</span> <span class='ocrx_word' id='word_1_281' title='bbox 901 4241 963 4247; x_wconf 80' lang='lat'>-—..</span> <span class='ocrx_word' id='word_1_282' title='bbox 987 4242 1064 4248; x_wconf 53' lang='grc' dir='ltr'>,ο-Η.-</span> <span class='ocrx_word' id='word_1_283' title='bbox 1083 4244 1089 4249; x_wconf 95' lang='grc'><em>.</em></span> <span class='ocrx_word' id='word_1_284' title='bbox 1113 4243 1204 4250; x_wconf 74' lang='grc'><strong>.-.-..-</strong></span> <span class='ocrx_word' id='word_1_285' title='bbox 1233 4246 1236 4250; x_wconf 95' lang='grc'>,</span> 
     </span>
    </p>
   </div>
   <div class='ocr_carea' id='block_1_15' title="bbox 281 4363 1292 4432">
    <p class='ocr_par' dir='ltr' id='par_1_18' title="bbox 281 4363 1292 4432">
     <span class='ocr_line' id='line_1_39' title="bbox 281 4363 1292 4432; baseline 0 -13"><span class='ocrx_word' id='word_1_286' title='bbox 281 4371 288 4400; x_wconf 85' lang='lat'>¹</span> <span class='ocrx_word' id='word_1_287' title='bbox 308 4369 363 4418; x_wconf 86' lang='lat' dir='ltr'>The</span> <span class='ocrx_word' id='word_1_288' title='bbox 383 4367 482 4417; x_wconf 72' lang='lat' dir='ltr'>chancr</span> <span class='ocrx_word' id='word_1_289' title='bbox 500 4367 531 4415; x_wconf 86' lang='lat' dir='ltr'>of</span> <span class='ocrx_word' id='word_1_290' title='bbox 546 4365 616 4414; x_wconf 90' lang='lat' dir='ltr'>John</span> <span class='ocrx_word' id='word_1_291' title='bbox 639 4365 748 4416; x_wconf 81' lang='lat' dir='ltr'>referred</span> <span class='ocrx_word' id='word_1_292' title='bbox 828 4368 838 4395; x_wconf 89' lang='lat'><strong>²</strong></span> <span class='ocrx_word' id='word_1_293' title='bbox 854 4363 971 4415; x_wconf 80' lang='lat' dir='ltr'>colludere</span> <span class='ocrx_word' id='word_1_294' title='bbox 989 4367 1073 4432; x_wconf 78' lang='lat' dir='ltr'>cupit]</span> <span class='ocrx_word' id='word_1_295' title='bbox 1095 4366 1246 4428; x_wconf 83' lang='lat' dir='ltr'>colludebat‚</span> <span class='ocrx_word' id='word_1_296' title='bbox 1261 4368 1292 4418; x_wconf 87' lang='lat' dir='ltr'>B.</span> 
     </span>
    </p>
   </div>
   <div class='ocr_carea' id='block_1_16' title="bbox 222 4443 830 4512">
    <p class='ocr_par' dir='ltr' id='par_1_19' title="bbox 222 4443 830 4512">
     <span class='ocr_line' id='line_1_40' title="bbox 222 4443 830 4512; baseline -0.012 -11"><span class='ocrx_word' id='word_1_297' title='bbox 222 4491 227 4512; x_wconf 89' lang='lat'>,</span> <span class='ocrx_word' id='word_1_298' title='bbox 249 4458 284 4511; x_wconf 88' lang='lat' dir='ltr'>to,</span> <span class='ocrx_word' id='word_1_299' title='bbox 301 4449 323 4498; x_wconf 86' lang='lat' dir='ltr'>is</span> <span class='ocrx_word' id='word_1_300' title='bbox 340 4448 440 4498; x_wconf 79' lang='lat' dir='ltr'>entered</span> <span class='ocrx_word' id='word_1_301' title='bbox 461 4446 487 4494; x_wconf 89' lang='lat' dir='ltr'>in</span> <span class='ocrx_word' id='word_1_302' title='bbox 503 4445 546 4494; x_wconf 84' lang='lat' dir='ltr'>the</span> <span class='ocrx_word' id='word_1_303' title='bbox 566 4444 711 4508; x_wconf 81' lang='lat' dir='ltr'>chartulary</span> <span class='ocrx_word' id='word_1_304' title='bbox 721 4443 752 4493; x_wconf 82' lang='lat' dir='ltr'>of</span> <span class='ocrx_word' id='word_1_305' title='bbox 795 4444 830 4494; x_wconf 87' lang='lat' dir='ltr'>H.</span> 
     </span>
    </p>
   </div>
   <div class='ocr_carea' id='block_1_17' title="bbox 249 4522 1090 4667">
    <p class='ocr_par' dir='ltr' id='par_1_20' title="bbox 249 4522 1090 4667">
     <span class='ocr_line' id='line_1_41' title="bbox 249 4522 1090 4590; baseline -0.005 -12"><span class='ocrx_word' id='word_1_306' title='bbox 249 4529 292 4578; x_wconf 80' lang='lat' dir='ltr'>the</span> <span class='ocrx_word' id='word_1_307' title='bbox 324 4533 476 4590; x_wconf 77' lang='lat' dir='ltr'>monastery,</span> <span class='ocrx_word' id='word_1_308' title='bbox 505 4525 663 4575; x_wconf 76' lang='lat' dir='ltr'>Iansdorme</span> <span class='ocrx_word' id='word_1_309' title='bbox 690 4523 747 4574; x_wconf 82' lang='lat' dir='ltr'>MS.</span> <span class='ocrx_word' id='word_1_310' title='bbox 828 4522 938 4590; x_wconf 64' lang='grc' dir='ltr'>ιὴιόω]</span> <span class='ocrx_word' id='word_1_311' title='bbox 958 4525 1023 4586; x_wconf 80' lang='lat' dir='ltr'>ebes,</span> <span class='ocrx_word' id='word_1_312' title='bbox 1034 4525 1090 4577; x_wconf 84' lang='lat' dir='ltr'>MS.</span> 
     </span>
     <span class='ocr_line' id='line_1_42' title="bbox 249 4609 387 4667; baseline -0.007 -10"><span class='ocrx_word' id='word_1_313' title='bbox 249 4615 306 4667; x_wconf 78' lang='lat'>424,</span> <span class='ocrx_word' id='word_1_314' title='bbox 319 4609 335 4657; x_wconf 81' lang='lat' dir='ltr'>s.</span> <span class='ocrx_word' id='word_1_315' title='bbox 348 4610 387 4656; x_wconf 75' lang='lat'>67,</span> 
     </span>
    </p>
   </div>
   <div class='ocr_carea' id='block_1_18' title="bbox 0 0 1632 5692">
    <p class='ocr_par' dir='ltr' id='par_1_21' title="bbox 0 0 1632 5692">
     <span class='ocr_line' id='line_1_43' title="bbox 0 0 1632 5692; baseline 0 0"><span class='ocrx_word' id='word_1_316' title='bbox 0 0 1632 5692; x_wconf 95' lang='lat' dir='ltr'> </span> 
     </span>
    </p>
   </div>
  </div>
 </body>
</html>
