3232 5692
299 730 347 795 84
635 736 735 792 anau
757 736 865 791 ansas
887 698 1040 792 ramus.

302 914 470 983 monachis
503 914 538 980 in
571 934 688 1001 puram
720 917 756 980 et
787 918 982 1001 perpetuam
1021 912 1262 1001 eleemosynam
1300 919 1352 981 est

302 1019 451 1107 largitus,
472 1021 513 1083 ut
534 1015 605 1105 ipse
628 1016 757 1094 Petrus,
780 1015 948 1081 occasione
979 1013 1091 1082 dictae
1108 1014 1268 1103 changiaa,
1290 1017 1352 1082 eis·

302 1121 401 1186 dem¹
425 1119 593 1186 monachis
613 1119 720 1205 ipsam
741 1122 867 1184 terram
887 1137 982 1183 suam
1004 1116 1041 1183 in
1063 1116 1217 1206 Waghna
1239 1124 1353 1207 postea

302 1227 460 1311 erogaret
505 1221 573 1289 Sed
605 1225 719 1289 tamen
751 1219 948 1307 praedictum
984 1217 1122 1286 Petrum
1156 1225 1217 1288 aut
1248 1221 1354 1310 ipsius

303 1330 494 1392 tenementa
525 1344 595 1390 non
627 1322 807 1389 voluerunt
839 1320 1028 1407 aliqualiter
1060 1320 1219 1404 obtinere,
1250 1325 1354 1392 donec

303 1433 381 1517 post
411 1429 456 1496 99
486 1447 592 1494 annos
621 1424 706 1493 alter
736 1422 864 1506 Petrus,
899 1424 991 1509 cujus
1023 1424 1204 1510 praedictus
1234 1427 1353 1497 Petrus

304 1552 388 1598 arras
407 1530 527 1612 fuerat,
547 1528 585 1594 in
607 1549 669 1594 sna
689 1526 810 1592 ultima
831 1531 1000 1593 senectute
1021 1548 1056 1594 se
1070 1528 1142 1595 fieri
1156 1531 1353 1598 monachum

305 1633 490 1721 postrdavit
523 1637 559 1699 et
589 1626 787 1710 obtinuit3⁹
816 1633 851 1696 et
884 1633 975 1710 tunc,
1012 1629 1121 1697 divisa
1157 1631 1352 1718 hereditate,

306 1735 464 1824 quicquid
496 1733 561 1803 sibi
589 1732 797 1822 competebat
827 1731 951 1800 eisdem
981 1734 1149 1801 monachis
1170 1736 1332 1805 relaxavit
1344 1766 1353 1822 ;

306 1846 347 1906 ut
378 1841 415 1904 in
443 1827 836 1927 sequentibus,'tempcre
869 1833 995 1901 domini
1029 1835 1200 1905 Michaelis
1222 1839 1354 1908 abbatis

307 1942 426 2020 octavi,
447 1941 614 2008 referetur.
658 1938 837 2004 Ecclesiam
860 1935 987 2004 etiam⁸
1010 1937 1050 2005 de
1065 1939 1219 2029 Waghna
1239 1945 1356 2012 multis

306 2044 558 2112 adversantibus
602 2040 730 2108 causis⁴
767 2060 939 2127 nunquam
984 2041 1218 2128 possidebant:
1262 2047 1355 2134 eujus

305 2144 464 2234 quidem⁶
496 2143 652 2212 clamium
688 2142 931 2230 archiepiscopo
962 2141 1162 2212 Eboracensi
1198 2149 1356 2215 tandem⁰

305 2249 510 2327 relaxabant,
548 2248 635 2315 sicut
672 2245 710 2311 in
747 2249 895 2334 tempore
917 2244 1044 2312 domini
1067 2247 1202 2315 Ricardi
1223 2250 1356 2319 abbatis

305 2348 328 2422 ‘7
358 2349 526 2417 constabit
553 2354 670 2438 postea
697 2344 932 2414 menifestum.⁷
986 2347 1081 2415 Idem
1115 2350 1218 2419 etiam
1249 2376 1357 2423 comes

306 2453 401 2519 dedit
423 2453 521 2520 dictis
542 2451 712 2528 monachis
741 2449 919 2518 tresdecim
949 2471 1039 2517 acras
1068 2459 1166 2520 terrae
1189 2460 1224 2523 ct
1244 2463 1356 2544 pastu-

305 2578 377 2622 ram
400 2555 574 2622 tresdecim
596 2555 705 2621 vaccis
734 2553 772 2619 in
794 2553 931 2631 Hotona
961 2553 1000 2619 in
1021 2553 1299 2643 Whytbystrand,
1321 2567 1356 2628 et

305 2656 555 2725 heremitorium
592 2657 708 2725 Sancti
741 2656 904 2723 Lecnardi
935 2656 1038 2741 juxta
1074 2656 1281 2747 Eggetonam
1321 2665 1357 2729 in

305 2760 588 2849 Whytbystrand,
616 2760 653 2826 in
689 2763 882 2849 perpetuam
919 2759 1169 2848 eleemosynam.
1227 2766 1293 2833 Sed
1329 2767 1358 2834 si

306 2864 407 2931 dictae
437 2885 522 2930 acrae
553 2868 661 2943 terrae,
684 2868 821 2950 pastura
854 2865 890 2928 et
921 2860 1180 2946 heremitorium,
1209 2891 1358 2955 unquam

305 2967 343 3034 in
365 2966 568 3054 possessione
590 2965 755 3032 dictorum
784 2963 1021 3032 monachorum
1050 2968 1281 3055 persistebant,
1303 2972 1359 3038 vel

304 3070 336 3136 si
379 3090 524 3157 possessa
569 3068 713 3156 qualiter
749 3065 907 3136 fuerunt⁰
943 3068 1097 3152 alienata,
1134 3071 1199 3140 hiis
1243 3073 1359 3142 diebus

306 3169 442 3240 minime
463 3172 634 3262 reperitur.

310 3377 1083 3386 --.------------.--.----.-----.---------ι

343 3495 582 3563 ¹a1...cisdem]
601 3497 814 3564 occasionccujus
855 3513 916 3564 pora
943 3500 1021 3551 etiam
1048 3500 1126 3566 hujus
1153 3502 1249 3553 abbatis
1275 3502 1358 3569 primi,

309 3574 425 3640 changisc
436 3575 491 3640 ipse
502 3575 593 3628 Petrus
604 3576 687 3637 dictis,
699 3577 730 3630 P.
855 3577 984 3644 Henricus
1020 3579 1222 3647 archiepiscopus
1260 3581 1357 3633 libora-

343 3655 353 3685 ¹
369 3654 485 3720 οόιίπιιίι]
504 3657 640 3721 optincbat,
652 3657 682 3709 P.
856 3658 938 3709 censis
954 3658 1017 3710 alias
1038 3666 1117 3710 terras
1133 3659 1209 3711 dictis
1227 3661 1358 3713 monachis

344 3734 456 3800 ἰαἀπι]
475 3735 585 3799 insuper,
596 3735 627 3787 P.
854 3738 882 3787 in
913 3738 1032 3805 Waghna
1056 3740 1213 3799 concedebat,
1238 3740 1303 3791 sicut
1330 3741 1358 3790 in

343 3811 556 3864 ‘adversantibus
566 3814 758 3882 machlcauals
769 3817 814 3868 ad·
855 3817 966 3882 capitulo
1001 3816 1106 3884 [blank]
1142 3818 1287 3884 proximum
1320 3835 1359 3871 ac-

309 3893 475 3956 versantibus,
485 3895 516 3944 P.
855 3903 946 3961 quante
956 3896 1093 3961 apparebit,
1104 3897 1135 3950 P.

343 3973 354 4004 ¹
370 3972 476 4040 quidm]
497 3973 609 4042 wanting
619 3975 647 4025 in
657 3975 689 4029 P.
888 3978 898 4007 ⁸
913 3975 990 4027 After
1001 3976 1101 4030 Halone
1113 3977 1193 4030 insert
1203 3977 1230 4028 in
1239 3977 1358 4044 Whitby·

343 4052 354 4082 ⁸
370 4051 478 4118 audem]
491 4061 591 4118 ¹postca,
601 4054 631 4106 P.
855 4057 949 4118 amand,
961 4055 992 4106 P.

341 4128 452 4182 'Alter'
463 4133 618 4200 macyatus
638 4132 725 4198 insert,
736 4133 812 4188 Tem·
889 4135 1028 4204 ’,ἶνιν-απτ]
1047 4136 1154 4200 fucrant,
1165 4139 1196 4190 P.
