3232 5692
555 779 692 829 monus
714 781 821 830 nsnns
842 782 993 834 ruamus.
1234 771 1299 836 263

254 949 437 1016 Messanam
460 950 588 1029 fecerat,
610 952 769 1038 grandem
803 957 929 1038 partem
952 954 1039 1017 muri
1071 955 1221 1020 civitatis
1244 955 1298 1020 de·
1312 962 1380 1015 ab.
1396 970 1466 1017 11⁹1.

252 1052 425 1136 primcbat,
448 1054 536 1117 unde
551 1054 580 1117 ei
597 1054 710 1118 aditus
724 1054 761 1117 in
776 1054 947 1119 civitatem
971 1061 1022 1119 cst
1044 1061 1186 1141 apertus
1234 1055 1299 1135 Qui

251 1152 380 1216 intrans
412 1152 583 1217 civitatem
615 1158 778 1237 quotquot
801 1152 997 1217 Sarracenos
1024 1154 1298 1239 comprehendere

250 1260 380 1338 poterat
424 1254 618 1319 trucidabat.
687 1253 827 1318 Interim
872 1260 984 1319 autem
1029 1255 1202 1340 Philippus
1240 1277 1298 1320 rex

250 1355 450 1421 Francorum
474 1357 645 1421 civitatem
668 1378 710 1420 ex
725 1355 791 1420 alia
806 1361 900 1442 parts
922 1356 1089 1443 ingressus
1113 1356 1298 1422 Sarracsnis

249 1459 365 1543 gravia
394 1458 515 1523 inferre
548 1480 615 1523 non
647 1458 838 1538 differebat;
869 1459 992 1523 vexilla
1030 1480 1106 1544 ergo
1137 1460 1229 1545 regia
1261 1460 1297 1524 in

250 1562 397 1625 turribus
419 1561 566 1625 civitatis
588 1561 732 1626 fecerant
755 1561 905 1625 exaltari.
952 1560 1059 1646 Capta
1081 1565 1192 1625 autem
1216 1562 1297 1627 urbe

253 1666 293 1726 12
318 1663 371 1727 die
394 1664 487 1740 Julii,
510 1663 579 1727 dux
600 1663 745 1728 Austriae
775 1670 906 1728 secutus
928 1685 1037 1750 regem
1061 1663 1239 1728 Ricardum
1261 1664 1297 1727 in

249 1764 427 1842 civitatem,
450 1766 609 1830 vexillum
632 1786 728 1829 suum
761 1786 835 1829 cum
859 1765 990 1829 vexillis
1011 1766 1109 1858 regiis
1132 1766 1167 1830 in
1190 1766 1295 1830 altum

249 1867 406 1953 erigebat,
430 1872 469 1932 ut
493 1868 608 1932 saltem
631 1888 705 1932 cum
728 1867 861 1953 regibus
876 1867 1036 1953 triumphi
1058 1869 1195 1953 gloriam
1217 1890 1296 1933 ven·

249 1968 382 2034 dicaret.
430 1969 504 2049 Quo
518 1970 614 2046 facto,
628 1991 687 2033 rex
704 1968 865 2033 Ricardus
879 1969 988 2055 ipsum
1012 1968 1127 2034 ducem
1151 1971 1296 2036 Austrise
1309 1980 1392 2031 Insult

248 2072 372 2135 arctius
394 2072 579 2158 increpavit
608 2071 696 2157 quod
729 2070 890 2135 vexillum
924 2093 1020 2135 suum
1054 2071 1144 2137 inter
1173 2072 1297 2171 vexilla
1308 2047 1457 2166 ffiffl·

248 2174 339 2260 regia
361 2175 484 2260 erigere
517 2173 785 2259 praesumpsisset.
847 2172 912 2237 Sed
943 2173 1053 2238 nescio
1087 2195 1131 2237 an
1153 2196 1230 2238 casu
1253 2196 1296 2238 an
1309 2179 1468 2258 uecheor

248 2276 336 2360 regis
366 2274 500 2340 Ricardi
531 2274 718 2361 petulantia
747 2274 908 2338 vexillum
941 2275 1045 2360 ipsius
1079 2275 1172 2341 ducis
1203 2298 1295 2342 coeno
1308 2247 1420 2297 Auerna

248 2376 349 2442 fuerit
363 2377 596 2443 conculcatum,
647 2375 743 2440 Unde
759 2376 828 2440 dux
843 2375 899 2439 ille
922 2382 1037 2441 contra
1051 2398 1160 2462 regem
1184 2377 1295 2442 Ricar-
1372 2458 1375 2464 Ι

248 2477 328 2541 dum
353 2485 542 2557 commotus,
559 2477 713 2563 injuriam
738 2481 851 2541 tamen
874 2477 916 2541 ad
933 2483 1062 2564 tempus
1078 2500 1163 2563 aegre
1180 2479 1293 2555 ferens,

245 2581 453 2666 postmodum
476 2601 550 2645 cum
573 2601 648 2665 rege
671 2578 819 2642 Franciae
842 2578 884 2641 ad
907 2580 1040 2664 propria
1063 2601 1213 2645 reversus
1235 2588 1294 2660 est,

245 2682 380 2767 gravirm
402 2703 436 2747 se
468 2682 504 2745 in
527 2685 696 2767 posterum
720 2679 761 2745 de
784 2701 859 2766 rege
895 2679 1036 2745 Ricardo
1058 2681 1293 2747 vindicaturus.

247 2783 381 2848 Interea
404 2783 603 2870 Barengaria
628 2773 760 2869 reginas
780 2782 867 2868 regis
898 2782 1032 2847 Ricardi
1058 2804 1151 2862 uxor,
1179 2790 1215 2848 et
1237 2784 1259 2848 J
1262 2807 1295 2849 o·
1307 2794 1444 2859 Imprim-

243 2886 355 2949 hanna
372 2886 471 2972 Regis
486 2906 583 2961 soror,
600 2884 688 2970 apud
703 2883 860 2968 Tripolim
876 2890 1122 2960 commorantes,
1146 2884 1294 2949 lsakium
1307 2864 1462 2997 fflgffing

245 2988 411 3072 quondam
439 2987 612 3072 Ciprorum
636 3007 745 3071 regem
771 3006 845 3049 curn
861 2985 931 3048 filia
951 3007 1011 3050 sua
1034 2986 1143 3050 adhuc
1165 2987 1201 3050 in
1224 3009 1294 3051 cus-
1307 2994 1452 3060 osCyprm.

78 3095 155 3175 wala
167 3099 198 3146 de
246 3089 340 3152 todia
362 3088 564 3153 detinebant.
619 3086 708 3150 Dum
724 3086 823 3151 etiam
839 3086 902 3172 ipsi
918 3085 983 3150 duo
999 3109 1090 3174 reges
1107 3087 1237 3174 Angliae
1260 3095 1294 3154 et

78 3161 197 3292 mg.
247 3191 395 3256 Franciae
432 3192 468 3254 in
505 3191 591 3254 Acra
636 3189 829 3273 aliquandiu
872 3208 996 3252 moram
1041 3190 1292 3268 contraxissent,

80 3295 106 3344 J·
119 3295 231 3363 Brompt.
246 3294 348 3359 fames
370 3301 405 3359 et
427 3294 539 3358 inedia
562 3314 672 3357 eorum
689 3292 851 3356 exercitus
866 3292 1040 3356 cruciabat.
1087 3293 1294 3379 Quapropter

78 3362 126 3412 ‘⁰¹'
141 3368 212 3416 ¹²⁰³
245 3397 409 3460 exercitus
442 3396 478 3458 in
510 3394 592 3458 duos
630 3393 851 3459 dividebatur.
911 3393 1084 3480 Philippus
1118 3416 1196 3481 ergo
1232 3417 1293 3460 rex
1307 3416 1457 3481 camma

245 3498 392 3562 Franciae
415 3519 489 3562 cum
512 3518 570 3560 suo
593 3495 740 3560 exercitu
771 3494 939 3560 castellum
963 3496 1128 3580 quoddam
1153 3484 1430 3562 Christi-“smel‘'

243 3601 314 3664 anis
331 3599 427 3663 valde
450 3599 612 3674 nocivum,
636 3597 678 3661 ab
701 3598 788 3661 Acra
809 3619 983 3681 perunum
1006 3596 1129 3661 dietam
1155 3599 1289 3679 distans,
1304 3555 1439 3683 ptyapirpqer

243 3687 474 3786 manuce'pcrat
511 3720 707 3785 expugnare.
768 3699 928 3762 Ricardus
972 3699 1074 3762 etiam
1119 3722 1194 3764 cum
1231 3681 1410 3800 ευοξξὲῗῃ

244 3804 390 3868 exercitu
412 3810 535 3867 terram
569 3800 612 3864 ad
642 3801 786 3886 spatium
811 3805 830 3864 8
854 3800 1019 3864 dictarum
1041 3801 1083 3865 ab
1107 3801 1195 3866 Acra
1217 3825 1409 3868 con-success.

240 3906 400 3992 quirebat.
446 3905 510 3969 Sed
534 3904 671 3968 audiens
694 3903 882 3989 Philippum
904 3903 1012 3988 ipsum
1035 3907 1179 3967 castrum
1202 3905 1292 3970 obse·

241 4008 326 4073 disse
341 4030 400 4072 nec
424 4007 459 4070 in
480 4007 591 4091 aliquo
613 4005 789 4091 profecisse,
806 4005 1063 4090 distantiamque
1086 4007 1291 4071 exercituum

242 4117 312 4176 tarn
335 4111 460 4196 largam
483 4109 670 4186 formidans,
685 4109 843 4172 continuo
858 4107 901 4171 ad
925 4105 1114 4193 Philippum
1138 4109 1173 4171 in
1197 4110 1290 4194 adju-

243 4213 364 4278 torium
387 4212 642 4296 expugnationis
665 4211 765 4274 castri
780 4208 960 4274 accedebat.
993 4209 1094 4291 Cujus
1108 4211 1290 4275 adventum

242 4324 277 4380 et
310 4315 513 4400 propositum
547 4335 606 4376 rex
645 4311 819 4397 Philippus
856 4311 1068 4397 perpendens,
1105 4312 1212 4377 adhuc
1249 4314 1289 4376 de

242 4418 393 4502 captione
409 4415 509 4479 castri
531 4436 598 4479 non
621 4435 755 4478 securus
769 4415 886 4478 Acrem
904 4413 1014 4491 rediit,
1030 4418 1078 4491 ut,
1094 4435 1169 4477 cum
1193 4437 1289 4479 omen

241 4520 370 4582 nullum
394 4517 458 4581 sihi
491 4517 693 4602 conspiceret
723 4516 904 4594 imminere,
931 4514 1082 4600 captione
1106 4516 1204 4578 castri
1232 4538 1289 4602 per

240 4643 348 4706 regern
381 4619 557 4684 Ricardum
590 4619 624 4682 in
659 4641 719 4683 sua
754 4619 929 4704 praesentia
952 4638 1017 4681 non
1042 4618 1287 4682 verecundetur.
