<?xml version="1.0" encoding="UTF-8"?>
<!DOCTYPE html PUBLIC "-//W3C//DTD XHTML 1.0 Transitional//EN"
    "http://www.w3.org/TR/xhtml1/DTD/xhtml1-transitional.dtd">
<html xmlns="http://www.w3.org/1999/xhtml" xml:lang="en" lang="en">
 <head>
  <title>
</title>
<meta http-equiv="Content-Type" content="text/html;charset=utf-8" />
  <meta name='ocr-system' content='tesseract 3.04.00' />
  <meta name='ocr-capabilities' content='ocr_page ocr_carea ocr_par ocr_line ocrx_word'/>
</head>
<body>
  <div class='ocr_page' id='page_1' title='image "./chronicamonaste00thomgoog_0307.png"; bbox 0 0 3232 5692; ppageno 0'>
   <div class='ocr_carea' id='block_1_1' title="bbox 288 763 1075 833">
    <p class='ocr_par' dir='ltr' id='par_1_1' title="bbox 288 763 1075 833">
     <span class='ocr_line' id='line_1_1' title="bbox 288 763 1075 833; baseline 0.009 -8"><span class='ocrx_word' id='word_1_1' title='bbox 288 763 352 825; x_wconf 76' lang='lat'><strong>206</strong></span> <span class='ocrx_word' id='word_1_2' title='bbox 387 781 390 787; x_wconf 91' lang='lat'><strong>·</strong></span> <span class='ocrx_word' id='word_1_3' title='bbox 549 778 731 829; x_wconf 75' lang='lat' dir='ltr'><strong>perrierus</strong></span> <span class='ocrx_word' id='word_1_4' title='bbox 753 777 860 829; x_wconf 79' lang='lat' dir='ltr'><strong>sense</strong></span> <span class='ocrx_word' id='word_1_5' title='bbox 883 780 1075 833; x_wconf 85' lang='lat' dir='ltr'><strong>sucuunus.</strong></span> 
     </span>
    </p>
   </div>
   <div class='ocr_carea' id='block_1_2' title="bbox 97 945 1335 4413">
    <p class='ocr_par' dir='ltr' id='par_1_2' title="bbox 121 945 1335 2059">
     <span class='ocr_line' id='line_1_2' title="bbox 121 945 1335 1036; baseline 0.002 -26"><span class='ocrx_word' id='word_1_6' title='bbox 121 949 274 1002; x_wconf 65' lang='lat' dir='ltr'><strong>Adi-11⁷⁴·</strong></span> <span class='ocrx_word' id='word_1_7' title='bbox 289 945 374 1033; x_wconf 89' lang='lat' dir='ltr'><strong>legio</strong></span> <span class='ocrx_word' id='word_1_8' title='bbox 389 948 522 1015; x_wconf 90' lang='lat' dir='ltr'><strong>domino</strong></span> <span class='ocrx_word' id='word_1_9' title='bbox 537 971 619 1030; x_wconf 90' lang='lat' dir='ltr'><strong>suo;</strong></span> <span class='ocrx_word' id='word_1_10' title='bbox 641 956 675 1016; x_wconf 90' lang='lat' dir='ltr'><strong>et</strong></span> <span class='ocrx_word' id='word_1_11' title='bbox 690 950 825 1016; x_wconf 84' lang='lat' dir='ltr'><strong>ecclesia</strong></span> <span class='ocrx_word' id='word_1_12' title='bbox 839 950 960 1019; x_wconf 81' lang='lat' dir='ltr'><strong>Scetiae</strong></span> <span class='ocrx_word' id='word_1_13' title='bbox 982 951 1083 1018; x_wconf 82' lang='lat' dir='ltr'><strong>talem</strong></span> <span class='ocrx_word' id='word_1_14' title='bbox 1098 949 1335 1036; x_wconf 86' lang='lat' dir='ltr'><strong>subjectionem</strong></span> 
     </span>
     <span class='ocr_line' id='line_1_3' title="bbox 287 1048 1334 1140; baseline 0.001 -27"><span class='ocrx_word' id='word_1_15' title='bbox 287 1049 404 1116; x_wconf 89' lang='lat' dir='ltr'><strong>amodo</strong></span> <span class='ocrx_word' id='word_1_16' title='bbox 426 1051 547 1118; x_wconf 86' lang='lat' dir='ltr'><strong>faceret</strong></span> <span class='ocrx_word' id='word_1_17' title='bbox 562 1051 705 1119; x_wconf 88' lang='lat' dir='ltr'><strong>ecelesiae</strong></span> <span class='ocrx_word' id='word_1_18' title='bbox 728 1052 926 1119; x_wconf 80' lang='lat' dir='ltr'><strong>Eboracensi</strong></span> <span class='ocrx_word' id='word_1_19' title='bbox 948 1058 983 1119; x_wconf 91' lang='lat' dir='ltr'><strong>et</strong></span> <span class='ocrx_word' id='word_1_20' title='bbox 997 1053 1189 1140; x_wconf 83' lang='lat' dir='ltr'><strong>Anglicanae</strong></span> <span class='ocrx_word' id='word_1_21' title='bbox 1203 1048 1334 1137; x_wconf 90' lang='lat' dir='ltr'><strong>qualern</strong></span> 
     </span>
     <span class='ocr_line' id='line_1_4' title="bbox 288 1150 1334 1242; baseline 0.002 -27"><span class='ocrx_word' id='word_1_22' title='bbox 288 1151 414 1217; x_wconf 77' lang='lat' dir='ltr'>solebat</span> <span class='ocrx_word' id='word_1_23' title='bbox 435 1159 583 1240; x_wconf 85' lang='lat' dir='ltr'><strong>tempore</strong></span> <span class='ocrx_word' id='word_1_24' title='bbox 605 1175 720 1242; x_wconf 90' lang='lat' dir='ltr'><strong>regum</strong></span> <span class='ocrx_word' id='word_1_25' title='bbox 742 1155 1015 1241; x_wconf 70' lang='lat' dir='ltr'><strong>praedeeessorum</strong></span> <span class='ocrx_word' id='word_1_26' title='bbox 1044 1177 1197 1235; x_wconf 88' lang='lat' dir='ltr'><strong>suorum;</strong></span> <span class='ocrx_word' id='word_1_27' title='bbox 1225 1158 1261 1219; x_wconf 92' lang='lat' dir='ltr'><strong>et</strong></span> <span class='ocrx_word' id='word_1_28' title='bbox 1288 1150 1334 1217; x_wconf 87' lang='lat' dir='ltr'><strong>ad</strong></span> 
     </span>
     <span class='ocr_line' id='line_1_5' title="bbox 288 1253 1333 1344; baseline 0 -26"><span class='ocrx_word' id='word_1_29' title='bbox 288 1253 543 1339; x_wconf 77' lang='lat' dir='ltr'><strong>parliamentum</strong></span> <span class='ocrx_word' id='word_1_30' title='bbox 566 1258 652 1344; x_wconf 88' lang='lat' dir='ltr'><strong>regis</strong></span> <span class='ocrx_word' id='word_1_31' title='bbox 668 1256 800 1344; x_wconf 85' lang='lat' dir='ltr'><strong>Anglies</strong></span> <span class='ocrx_word' id='word_1_32' title='bbox 823 1279 857 1323; x_wconf 91' lang='lat' dir='ltr'><strong>se</strong></span> <span class='ocrx_word' id='word_1_33' title='bbox 879 1263 1059 1324; x_wconf 83' lang='lat' dir='ltr'><strong>venturum</strong></span> <span class='ocrx_word' id='word_1_34' title='bbox 1081 1258 1124 1323; x_wconf 91' lang='lat' dir='ltr'><strong>ad</strong></span> <span class='ocrx_word' id='word_1_35' title='bbox 1146 1254 1333 1323; x_wconf 83' lang='lat' dir='ltr'><strong>faciendum</strong></span> 
     </span>
     <span class='ocr_line' id='line_1_6' title="bbox 287 1355 1334 1448; baseline 0.002 -29"><span class='ocrx_word' id='word_1_36' title='bbox 287 1355 477 1444; x_wconf 80' lang='lat' dir='ltr'><strong>homagium</strong></span> <span class='ocrx_word' id='word_1_37' title='bbox 510 1359 619 1425; x_wconf 87' lang='lat' dir='ltr'><strong>dictus</strong></span> <span class='ocrx_word' id='word_1_38' title='bbox 653 1381 713 1425; x_wconf 85' lang='lat' dir='ltr'><strong>rex</strong></span> <span class='ocrx_word' id='word_1_39' title='bbox 747 1360 869 1426; x_wconf 78' lang='lat' dir='ltr'><strong>Scotise</strong></span> <span class='ocrx_word' id='word_1_40' title='bbox 902 1359 1127 1448; x_wconf 71' lang='lat' dir='ltr'><strong>promittebat.</strong></span> <span class='ocrx_word' id='word_1_41' title='bbox 1185 1357 1241 1425; x_wconf 82' lang='lat' dir='ltr'><strong>Ad</strong></span> <span class='ocrx_word' id='word_1_42' title='bbox 1272 1356 1334 1422; x_wconf 91' lang='lat' dir='ltr'><strong>hec</strong></span> 
     </span>
     <span class='ocr_line' id='line_1_7' title="bbox 287 1457 1332 1548; baseline 0 -25"><span class='ocrx_word' id='word_1_43' title='bbox 287 1457 419 1542; x_wconf 90' lang='lat' dir='ltr'><strong>quidem</strong></span> <span class='ocrx_word' id='word_1_44' title='bbox 442 1481 501 1525; x_wconf 86' lang='lat' dir='ltr'><strong>rex</strong></span> <span class='ocrx_word' id='word_1_45' title='bbox 523 1461 654 1548; x_wconf 84' lang='lat' dir='ltr'><strong>Anglisa</strong></span> <span class='ocrx_word' id='word_1_46' title='bbox 678 1461 844 1527; x_wconf 89' lang='lat' dir='ltr'><strong>Heuricus</strong></span> <span class='ocrx_word' id='word_1_47' title='bbox 867 1469 961 1548; x_wconf 91' lang='lat' dir='ltr'><strong>pater</strong></span> <span class='ocrx_word' id='word_1_48' title='bbox 983 1463 1128 1548; x_wconf 89' lang='lat' dir='ltr'><strong>quinque</strong></span> <span class='ocrx_word' id='word_1_49' title='bbox 1150 1459 1332 1538; x_wconf 66' lang='lat' dir='ltr'><strong>castellas</strong></span> 
     </span>
     <span class='ocr_line' id='line_1_8' title="bbox 287 1560 1334 1642; baseline 0.002 -17"><span class='ocrx_word' id='word_1_50' title='bbox 287 1561 421 1627; x_wconf 78' lang='lat' dir='ltr'><strong>comites</strong></span> <span class='ocrx_word' id='word_1_51' title='bbox 443 1567 478 1628; x_wconf 90' lang='lat' dir='ltr'><strong>et</strong></span> <span class='ocrx_word' id='word_1_52' title='bbox 502 1566 543 1629; x_wconf 81' lang='lat'><strong>16</strong></span> <span class='ocrx_word' id='word_1_53' title='bbox 567 1564 713 1642; x_wconf 87' lang='lat' dir='ltr'><strong>barones,</strong></span> <span class='ocrx_word' id='word_1_54' title='bbox 729 1564 769 1630; x_wconf 90' lang='lat' dir='ltr'><strong>de</strong></span> <span class='ocrx_word' id='word_1_55' title='bbox 793 1569 881 1630; x_wconf 87' lang='lat' dir='ltr'><strong>terra</strong></span> <span class='ocrx_word' id='word_1_56' title='bbox 896 1563 1017 1631; x_wconf 82' lang='lat' dir='ltr'><strong>Seotiae</strong></span> <span class='ocrx_word' id='word_1_57' title='bbox 1039 1564 1075 1629; x_wconf 93' lang='lat' dir='ltr'><strong>in</strong></span> <span class='ocrx_word' id='word_1_58' title='bbox 1098 1562 1229 1629; x_wconf 88' lang='lat' dir='ltr'><strong>obsides</strong></span> <span class='ocrx_word' id='word_1_59' title='bbox 1250 1560 1334 1627; x_wconf 84' lang='lat' dir='ltr'><strong>reci·</strong></span> 
     </span>
     <span class='ocr_line' id='line_1_9' title="bbox 287 1662 1333 1748; baseline 0.001 -21"><span class='ocrx_word' id='word_1_60' title='bbox 287 1662 408 1748; x_wconf 88' lang='lat' dir='ltr'><strong>piebst.</strong></span> <span class='ocrx_word' id='word_1_61' title='bbox 454 1664 602 1732; x_wconf 81' lang='lat' dir='ltr'><strong>Dederat</strong></span> <span class='ocrx_word' id='word_1_62' title='bbox 635 1671 747 1732; x_wconf 89' lang='lat' dir='ltr'><strong>autem</strong></span> <span class='ocrx_word' id='word_1_63' title='bbox 781 1665 870 1732; x_wconf 88' lang='lat' dir='ltr'><strong>idem</strong></span> <span class='ocrx_word' id='word_1_64' title='bbox 899 1687 959 1731; x_wconf 84' lang='lat' dir='ltr'><strong>rex</strong></span> <span class='ocrx_word' id='word_1_65' title='bbox 982 1665 1102 1732; x_wconf 85' lang='lat' dir='ltr'><strong>Scotiae</strong></span> <span class='ocrx_word' id='word_1_66' title='bbox 1125 1663 1333 1740; x_wconf 88' lang='lat' dir='ltr'><strong>Willielmus,</strong></span> 
     </span>
     <span class='ocr_line' id='line_1_10' title="bbox 286 1765 1332 1855; baseline 0.002 -26"><span class='ocrx_word' id='word_1_67' title='bbox 286 1765 344 1850; x_wconf 88' lang='lat' dir='ltr'><strong>qui</strong></span> <span class='ocrx_word' id='word_1_68' title='bbox 377 1786 464 1831; x_wconf 90' lang='lat' dir='ltr'><strong>anno</strong></span> <span class='ocrx_word' id='word_1_69' title='bbox 488 1766 624 1832; x_wconf 88' lang='lat' dir='ltr'><strong>Domini</strong></span> <span class='ocrx_word' id='word_1_70' title='bbox 652 1768 738 1837; x_wconf 76' lang='lat'>1174</span> <span class='ocrx_word' id='word_1_71' title='bbox 772 1773 888 1855; x_wconf 89' lang='lat' dir='ltr'><strong>captus</strong></span> <span class='ocrx_word' id='word_1_72' title='bbox 919 1768 992 1846; x_wconf 87' lang='lat' dir='ltr'><strong>fuit,</strong></span> <span class='ocrx_word' id='word_1_73' title='bbox 1014 1790 1075 1854; x_wconf 93' lang='lat' dir='ltr'><strong>pre</strong></span> <span class='ocrx_word' id='word_1_74' title='bbox 1105 1765 1332 1852; x_wconf 82' lang='lat' dir='ltr'><strong>redemptione</strong></span> 
     </span>
     <span class='ocr_line' id='line_1_11' title="bbox 284 1867 1331 1950; baseline 0 -18"><span class='ocrx_word' id='word_1_75' title='bbox 284 1890 352 1943; x_wconf 88' lang='lat' dir='ltr'><strong>sua,</strong></span> <span class='ocrx_word' id='word_1_76' title='bbox 390 1867 704 1950; x_wconf 86' lang='lat' dir='ltr'><strong>Nerthumbreland,</strong></span> <span class='ocrx_word' id='word_1_77' title='bbox 743 1870 986 1937; x_wconf 90' lang='lat' dir='ltr'><strong>Westmerland</strong></span> <span class='ocrx_word' id='word_1_78' title='bbox 1030 1874 1065 1936; x_wconf 90' lang='lat' dir='ltr'><strong>et</strong></span> <span class='ocrx_word' id='word_1_79' title='bbox 1102 1867 1331 1945; x_wconf 85' lang='lat' dir='ltr'><strong>Comberland,</strong></span> 
     </span>
     <span class='ocr_line' id='line_1_12' title="bbox 286 1972 1333 2059; baseline 0.001 -25"><span class='ocrx_word' id='word_1_80' title='bbox 286 1991 366 2055; x_wconf 87' lang='lat' dir='ltr'><strong>ques</strong></span> <span class='ocrx_word' id='word_1_81' title='bbox 400 1992 420 2035; x_wconf 87' lang='lat' dir='ltr'><strong>a</strong></span> <span class='ocrx_word' id='word_1_82' title='bbox 453 1976 600 2059; x_wconf 88' lang='lat' dir='ltr'><strong>tempere</strong></span> <span class='ocrx_word' id='word_1_83' title='bbox 635 1972 800 2039; x_wconf 89' lang='lat' dir='ltr'><strong>Dacorum</strong></span> <span class='ocrx_word' id='word_1_84' title='bbox 832 1994 935 2058; x_wconf 90' lang='lat' dir='ltr'><strong>usque</strong></span> <span class='ocrx_word' id='word_1_85' title='bbox 973 1978 1053 2038; x_wconf 89' lang='lat' dir='ltr'><strong>tunc</strong></span> <span class='ocrx_word' id='word_1_86' title='bbox 1090 1975 1333 2058; x_wconf 83' lang='lat' dir='ltr'><strong>occupaverunt</strong></span> 
     </span>
    </p>

    <p class='ocr_par' dir='ltr' id='par_1_3' title="bbox 119 2072 1333 2160">
     <span class='ocr_line' id='line_1_13' title="bbox 119 2072 1333 2160; baseline 0.005 -29"><span class='ocrx_word' id='word_1_87' title='bbox 119 2082 208 2149; x_wconf 75' lang='lat' dir='ltr'><strong>fleury</strong></span> <span class='ocrx_word' id='word_1_88' title='bbox 286 2072 395 2138; x_wconf 85' lang='lat' dir='ltr'><strong>Scotti</strong></span> <span class='ocrx_word' id='word_1_89' title='bbox 428 2080 463 2139; x_wconf 92' lang='lat' dir='ltr'><strong>et</strong></span> <span class='ocrx_word' id='word_1_90' title='bbox 485 2074 571 2140; x_wconf 92' lang='lat' dir='ltr'><strong>Picti</strong></span> <span class='ocrx_word' id='word_1_91' title='bbox 605 2074 749 2141; x_wconf 78' lang='lat' dir='ltr'><strong>fautores</strong></span> <span class='ocrx_word' id='word_1_92' title='bbox 780 2097 900 2141; x_wconf 90' lang='lat' dir='ltr'><strong>eorum.</strong></span> <span class='ocrx_word' id='word_1_93' title='bbox 946 2075 1017 2141; x_wconf 88' lang='lat' dir='ltr'><strong>Rex</strong></span> <span class='ocrx_word' id='word_1_94' title='bbox 1042 2074 1206 2141; x_wconf 91' lang='lat' dir='ltr'><strong>Henricus</strong></span> <span class='ocrx_word' id='word_1_95' title='bbox 1238 2077 1333 2160; x_wconf 85' lang='lat' dir='ltr'><strong>pater</strong></span> 
     </span>
    </p>

    <p class='ocr_par' dir='ltr' id='par_1_4' title="bbox 119 2158 1333 2279">
     <span class='ocr_line' id='line_1_14' title="bbox 119 2158 1333 2279; baseline 0 -39"><span class='ocrx_word' id='word_1_96' title='bbox 119 2158 236 2279; x_wconf 54' lang='lat' dir='ltr'><strong>ffi‘fi?</strong></span> <span class='ocrx_word' id='word_1_97' title='bbox 285 2179 399 2262; x_wconf 88' lang='lat' dir='ltr'><strong>postea</strong></span> <span class='ocrx_word' id='word_1_98' title='bbox 421 2175 459 2240; x_wconf 92' lang='lat' dir='ltr'><strong>in</strong></span> <span class='ocrx_word' id='word_1_99' title='bbox 480 2175 638 2264; x_wconf 85' lang='lat' dir='ltr'><strong>Angliam</strong></span> <span class='ocrx_word' id='word_1_100' title='bbox 661 2177 800 2257; x_wconf 88' lang='lat' dir='ltr'><strong>rediens,</strong></span> <span class='ocrx_word' id='word_1_101' title='bbox 823 2200 883 2264; x_wconf 90' lang='lat' dir='ltr'><strong>pro</strong></span> <span class='ocrx_word' id='word_1_102' title='bbox 910 2200 948 2243; x_wconf 89' lang='lat' dir='ltr'><strong>eo</strong></span> <span class='ocrx_word' id='word_1_103' title='bbox 970 2178 1059 2263; x_wconf 88' lang='lat' dir='ltr'><strong>quod</strong></span> <span class='ocrx_word' id='word_1_104' title='bbox 1082 2177 1119 2242; x_wconf 91' lang='lat' dir='ltr'><strong>in</strong></span> <span class='ocrx_word' id='word_1_105' title='bbox 1141 2176 1267 2242; x_wconf 86' lang='lat' dir='ltr'><strong>Gallius</strong></span> <span class='ocrx_word' id='word_1_106' title='bbox 1288 2174 1333 2240; x_wconf 86' lang='lat' dir='ltr'><strong>ad</strong></span> 
     </span>
    </p>

    <p class='ocr_par' dir='ltr' id='par_1_5' title="bbox 120 2272 1332 2366">
     <span class='ocr_line' id='line_1_15' title="bbox 120 2272 1332 2366; baseline 0.01 -36"><span class='ocrx_word' id='word_1_107' title='bbox 120 2281 220 2349; x_wconf 76' lang='lat' dir='ltr'><strong>leaving</strong></span> <span class='ocrx_word' id='word_1_108' title='bbox 285 2278 538 2364; x_wconf 79' lang='lat' dir='ltr'><strong>parliamentum</strong></span> <span class='ocrx_word' id='word_1_109' title='bbox 562 2279 649 2366; x_wconf 89' lang='lat' dir='ltr'><strong>regis</strong></span> <span class='ocrx_word' id='word_1_110' title='bbox 671 2279 875 2346; x_wconf 84' lang='lat' dir='ltr'><strong>Francorum</strong></span> <span class='ocrx_word' id='word_1_111' title='bbox 898 2280 987 2345; x_wconf 91' lang='lat' dir='ltr'><strong>inter</strong></span> <span class='ocrx_word' id='word_1_112' title='bbox 1009 2280 1159 2345; x_wconf 89' lang='lat' dir='ltr'><strong>inimicos</strong></span> <span class='ocrx_word' id='word_1_113' title='bbox 1181 2272 1332 2344; x_wconf 84' lang='lat' dir='ltr'><strong>accedere</strong></span> 
     </span>
    </p>

    <p class='ocr_par' dir='ltr' id='par_1_6' title="bbox 119 2348 1333 2482">
     <span class='ocr_line' id='line_1_16' title="bbox 119 2348 1333 2482; baseline 0.001 -38"><span class='ocrx_word' id='word_1_114' title='bbox 119 2348 274 2482; x_wconf 53' lang='lat' dir='ltr'><strong>{Zrffiffi</strong></span> <span class='ocrx_word' id='word_1_115' title='bbox 284 2378 488 2465; x_wconf 81' lang='lat' dir='ltr'><strong>disponebat,</strong></span> <span class='ocrx_word' id='word_1_116' title='bbox 513 2380 554 2446; x_wconf 93' lang='lat' dir='ltr'><strong>de</strong></span> <span class='ocrx_word' id='word_1_117' title='bbox 576 2403 636 2447; x_wconf 89' lang='lat' dir='ltr'><strong>suo</strong></span> <span class='ocrx_word' id='word_1_118' title='bbox 658 2381 769 2448; x_wconf 90' lang='lat' dir='ltr'><strong>reditu</strong></span> <span class='ocrx_word' id='word_1_119' title='bbox 791 2404 859 2448; x_wconf 91' lang='lat' dir='ltr'><strong>nen</strong></span> <span class='ocrx_word' id='word_1_120' title='bbox 883 2387 1001 2460; x_wconf 85' lang='lat' dir='ltr'><strong>certus,</strong></span> <span class='ocrx_word' id='word_1_121' title='bbox 1023 2386 1145 2469; x_wconf 88' lang='lat' dir='ltr'><strong>praeter</strong></span> <span class='ocrx_word' id='word_1_122' title='bbox 1167 2381 1210 2445; x_wconf 89' lang='lat' dir='ltr'><strong>lx.</strong></span> <span class='ocrx_word' id='word_1_123' title='bbox 1226 2379 1333 2445; x_wconf 84' lang='lat' dir='ltr'><strong>millia</strong></span> 
     </span>
    </p>

    <p class='ocr_par' dir='ltr' id='par_1_7' title="bbox 119 2481 1330 2572">
     <span class='ocr_line' id='line_1_17' title="bbox 119 2481 1330 2572; baseline 0.001 -27"><span class='ocrx_word' id='word_1_124' title='bbox 119 2481 208 2560; x_wconf 65' lang='lat'><strong>3¹⁰11⁸0⁸</strong></span> <span class='ocrx_word' id='word_1_125' title='bbox 223 2488 409 2547; x_wconf 70' lang='lat' dir='ltr'><strong>aedmercas</strong></span> <span class='ocrx_word' id='word_1_126' title='bbox 438 2482 554 2548; x_wconf 88' lang='lat' dir='ltr'><strong>missas</strong></span> <span class='ocrx_word' id='word_1_127' title='bbox 584 2483 620 2548; x_wconf 92' lang='lat' dir='ltr'><strong>in</strong></span> <span class='ocrx_word' id='word_1_128' title='bbox 642 2483 779 2549; x_wconf 88' lang='lat' dir='ltr'><strong>Terram</strong></span> <span class='ocrx_word' id='word_1_129' title='bbox 802 2485 960 2550; x_wconf 89' lang='lat' dir='ltr'><strong>Sanctam</strong></span> <span class='ocrx_word' id='word_1_130' title='bbox 983 2484 1025 2549; x_wconf 90' lang='lat' dir='ltr'><strong>ad</strong></span> <span class='ocrx_word' id='word_1_131' title='bbox 1048 2483 1330 2572; x_wconf 87' lang='lat' dir='ltr'><strong>expugnationem</strong></span> 
     </span>
    </p>

    <p class='ocr_par' dir='ltr' id='par_1_8' title="bbox 116 2550 1332 4005">
     <span class='ocr_line' id='line_1_18' title="bbox 119 2550 1330 2675; baseline 0 -26"><span class='ocrx_word' id='word_1_132' title='bbox 119 2550 230 2666; x_wconf 54' lang='lat' dir='ltr'><strong>ppppher</strong></span> <span class='ocrx_word' id='word_1_133' title='bbox 285 2583 545 2662; x_wconf 85' lang='lat' dir='ltr'><strong>Sarracenorum,</strong></span> <span class='ocrx_word' id='word_1_134' title='bbox 568 2591 602 2650; x_wconf 92' lang='lat' dir='ltr'><strong>et</strong></span> <span class='ocrx_word' id='word_1_135' title='bbox 633 2592 753 2672; x_wconf 89' lang='lat' dir='ltr'><strong>praeter</strong></span> <span class='ocrx_word' id='word_1_136' title='bbox 775 2587 794 2653; x_wconf 87' lang='lat' dir='ltr'><strong>l</strong></span> <span class='ocrx_word' id='word_1_137' title='bbox 818 2586 924 2652; x_wconf 89' lang='lat' dir='ltr'><strong>millia</strong></span> <span class='ocrx_word' id='word_1_138' title='bbox 945 2608 1070 2653; x_wconf 87' lang='lat' dir='ltr'><strong>marcas</strong></span> <span class='ocrx_word' id='word_1_139' title='bbox 1092 2587 1184 2675; x_wconf 89' lang='lat' dir='ltr'><strong>prius</strong></span> <span class='ocrx_word' id='word_1_140' title='bbox 1206 2606 1330 2651; x_wconf 88' lang='lat' dir='ltr'><strong>aecem-</strong></span> 
     </span>
     <span class='ocr_line' id='line_1_19' title="bbox 285 2686 1331 2773; baseline 0.003 -23"><span class='ocrx_word' id='word_1_141' title='bbox 285 2686 433 2752; x_wconf 91' lang='lat' dir='ltr'><strong>modatas</strong></span> <span class='ocrx_word' id='word_1_142' title='bbox 466 2687 608 2753; x_wconf 90' lang='lat' dir='ltr'><strong>abbatiis</strong></span> <span class='ocrx_word' id='word_1_143' title='bbox 640 2693 720 2753; x_wconf 90' lang='lat' dir='ltr'><strong>tunc</strong></span> <span class='ocrx_word' id='word_1_144' title='bbox 754 2687 997 2755; x_wconf 85' lang='lat' dir='ltr'><strong>declinantibus</strong></span> <span class='ocrx_word' id='word_1_145' title='bbox 1027 2690 1064 2754; x_wconf 94' lang='lat' dir='ltr'><strong>in</strong></span> <span class='ocrx_word' id='word_1_146' title='bbox 1098 2690 1227 2755; x_wconf 86' lang='lat' dir='ltr'><strong>ruinam</strong></span> <span class='ocrx_word' id='word_1_147' title='bbox 1249 2708 1331 2773; x_wconf 89' lang='lat' dir='ltr'><strong>quas</strong></span> 
     </span>
     <span class='ocr_line' id='line_1_20' title="bbox 286 2790 1331 2876; baseline 0.004 -24"><span class='ocrx_word' id='word_1_148' title='bbox 286 2790 365 2876; x_wconf 92' lang='lat' dir='ltr'><strong>ipsis</strong></span> <span class='ocrx_word' id='word_1_149' title='bbox 388 2790 595 2869; x_wconf 88' lang='lat' dir='ltr'><strong>condonavit,</strong></span> <span class='ocrx_word' id='word_1_150' title='bbox 620 2791 709 2876; x_wconf 89' lang='lat' dir='ltr'><strong>apud</strong></span> <span class='ocrx_word' id='word_1_151' title='bbox 744 2790 909 2856; x_wconf 90' lang='lat' dir='ltr'><strong>Waltham</strong></span> <span class='ocrx_word' id='word_1_152' title='bbox 940 2813 1035 2856; x_wconf 89' lang='lat' dir='ltr'><strong>suum</strong></span> <span class='ocrx_word' id='word_1_153' title='bbox 1066 2792 1206 2856; x_wconf 78' lang='lat' dir='ltr'><strong>condens</strong></span> <span class='ocrx_word' id='word_1_154' title='bbox 1229 2796 1331 2856; x_wconf 91' lang='lat' dir='ltr'><strong>testa·</strong></span> 
     </span>
     <span class='ocr_line' id='line_1_21' title="bbox 284 2892 1331 2980; baseline 0.003 -25"><span class='ocrx_word' id='word_1_155' title='bbox 284 2898 442 2970; x_wconf 87' lang='lat' dir='ltr'><strong>mentum,</strong></span> <span class='ocrx_word' id='word_1_156' title='bbox 468 2893 507 2958; x_wconf 94' lang='lat' dir='ltr'><strong>de</strong></span> <span class='ocrx_word' id='word_1_157' title='bbox 531 2892 693 2958; x_wconf 81' lang='lat' dir='ltr'><strong>thesauris</strong></span> <span class='ocrx_word' id='word_1_158' title='bbox 715 2893 780 2958; x_wconf 92' lang='lat' dir='ltr'><strong>sibi</strong></span> <span class='ocrx_word' id='word_1_159' title='bbox 803 2894 1048 2959; x_wconf 87' lang='lat' dir='ltr'><strong>remanentibus</strong></span> <span class='ocrx_word' id='word_1_160' title='bbox 1070 2893 1263 2980; x_wconf 82' lang='lat' dir='ltr'><strong>Templariis</strong></span> <span class='ocrx_word' id='word_1_161' title='bbox 1296 2898 1331 2958; x_wconf 86' lang='lat' dir='ltr'><strong>et</strong></span> 
     </span>
     <span class='ocr_line' id='line_1_22' title="bbox 284 2994 1331 3082; baseline 0 -23"><span class='ocrx_word' id='word_1_162' title='bbox 284 2994 447 3060; x_wconf 79' lang='lat' dir='ltr'><strong>militibus</strong></span> <span class='ocrx_word' id='word_1_163' title='bbox 479 2995 515 3059; x_wconf 91' lang='lat' dir='ltr'><strong>in</strong></span> <span class='ocrx_word' id='word_1_164' title='bbox 539 2996 640 3061; x_wconf 84' lang='lat' dir='ltr'><strong>Terra</strong></span> <span class='ocrx_word' id='word_1_165' title='bbox 663 2995 795 3074; x_wconf 87' lang='lat' dir='ltr'><strong>Sancta,</strong></span> <span class='ocrx_word' id='word_1_166' title='bbox 818 2995 979 3082; x_wconf 84' lang='lat' dir='ltr'><strong>religiosis</strong></span> <span class='ocrx_word' id='word_1_167' title='bbox 1001 2995 1175 3080; x_wconf 89' lang='lat' dir='ltr'><strong>cujuslibet</strong></span> <span class='ocrx_word' id='word_1_168' title='bbox 1197 2995 1331 3070; x_wconf 90' lang='lat' dir='ltr'><strong>ordinis,</strong></span> 
     </span>
     <span class='ocr_line' id='line_1_23' title="bbox 285 3096 1332 3184; baseline 0.002 -24"><span class='ocrx_word' id='word_1_169' title='bbox 285 3096 394 3161; x_wconf 88' lang='lat' dir='ltr'><strong>viduis</strong></span> <span class='ocrx_word' id='word_1_170' title='bbox 427 3098 602 3183; x_wconf 84' lang='lat' dir='ltr'><strong>generosis,</strong></span> <span class='ocrx_word' id='word_1_171' title='bbox 637 3096 773 3183; x_wconf 86' lang='lat' dir='ltr'><strong>leprosis</strong></span> <span class='ocrx_word' id='word_1_172' title='bbox 807 3103 841 3162; x_wconf 93' lang='lat' dir='ltr'><strong>et</strong></span> <span class='ocrx_word' id='word_1_173' title='bbox 874 3098 1117 3184; x_wconf 89' lang='lat' dir='ltr'><strong>languentibus,</strong></span> <span class='ocrx_word' id='word_1_174' title='bbox 1151 3098 1195 3162; x_wconf 85' lang='lat' dir='ltr'><strong>xl.</strong></span> <span class='ocrx_word' id='word_1_175' title='bbox 1225 3096 1332 3162; x_wconf 88' lang='lat' dir='ltr'><strong>millia</strong></span> 
     </span>
     <span class='ocr_line' id='line_1_24' title="bbox 284 3198 1330 3286; baseline 0 -23"><span class='ocrx_word' id='word_1_176' title='bbox 284 3220 409 3265; x_wconf 90' lang='lat' dir='ltr'><strong>marcas</strong></span> <span class='ocrx_word' id='word_1_177' title='bbox 431 3198 681 3265; x_wconf 80' lang='lat' dir='ltr'><strong>testamentaria</strong></span> <span class='ocrx_word' id='word_1_178' title='bbox 710 3200 749 3281; x_wconf 85' lang='lat' dir='ltr'><strong>in</strong></span> <span class='ocrx_word' id='word_1_179' title='bbox 769 3200 1008 3286; x_wconf 86' lang='lat' dir='ltr'><strong>eleemosynam</strong></span> <span class='ocrx_word' id='word_1_180' title='bbox 1031 3199 1209 3265; x_wconf 85' lang='lat' dir='ltr'><strong>dividebat</strong></span> <span class='ocrx_word' id='word_1_181' title='bbox 1255 3199 1330 3278; x_wconf 84' lang='lat' dir='ltr'><strong>Sed,</strong></span> 
     </span>
     <span class='ocr_line' id='line_1_25' title="bbox 284 3301 1331 3387; baseline -0.001 -21"><span class='ocrx_word' id='word_1_182' title='bbox 284 3303 362 3387; x_wconf 90' lang='lat' dir='ltr'><strong>quia</strong></span> <span class='ocrx_word' id='word_1_183' title='bbox 395 3301 535 3368; x_wconf 89' lang='lat' dir='ltr'><strong>ulterius</strong></span> <span class='ocrx_word' id='word_1_184' title='bbox 557 3302 702 3379; x_wconf 85' lang='lat' dir='ltr'><strong>vivebat,</strong></span> <span class='ocrx_word' id='word_1_185' title='bbox 727 3303 754 3367; x_wconf 87' lang='lat' dir='ltr'><strong>si</strong></span> <span class='ocrx_word' id='word_1_186' title='bbox 785 3303 1013 3368; x_wconf 83' lang='lat' dir='ltr'><strong>executionem</strong></span> <span class='ocrx_word' id='word_1_187' title='bbox 1037 3302 1117 3367; x_wconf 90' lang='lat' dir='ltr'><strong>dicti</strong></span> <span class='ocrx_word' id='word_1_188' title='bbox 1140 3302 1331 3368; x_wconf 87' lang='lat' dir='ltr'><strong>testamenti</strong></span> 
     </span>
     <span class='ocr_line' id='line_1_26' title="bbox 120 3405 1329 3492; baseline -0.002 -22"><span class='ocrx_word' id='word_1_189' title='bbox 120 3424 158 3473; x_wconf 72' lang='lat' dir='ltr'><strong>ue</strong></span> <span class='ocrx_word' id='word_1_190' title='bbox 175 3427 272 3476; x_wconf 71' lang='lat' dir='ltr'><strong>attenua</strong></span> <span class='ocrx_word' id='word_1_191' title='bbox 285 3405 466 3491; x_wconf 82' lang='lat' dir='ltr'><strong>perfecerat</strong></span> <span class='ocrx_word' id='word_1_192' title='bbox 493 3405 565 3489; x_wconf 87' lang='lat' dir='ltr'><strong>jam</strong></span> <span class='ocrx_word' id='word_1_193' title='bbox 600 3405 781 3491; x_wconf 91' lang='lat' dir='ltr'><strong>ignoratur.</strong></span> <span class='ocrx_word' id='word_1_194' title='bbox 827 3405 911 3471; x_wconf 82' lang='lat' dir='ltr'><strong>Cum</strong></span> <span class='ocrx_word' id='word_1_195' title='bbox 936 3427 1057 3492; x_wconf 89' lang='lat' dir='ltr'><strong>magna</strong></span> <span class='ocrx_word' id='word_1_196' title='bbox 1078 3426 1155 3492; x_wconf 91' lang='lat' dir='ltr'><strong>ergo</strong></span> <span class='ocrx_word' id='word_1_197' title='bbox 1176 3405 1329 3471; x_wconf 90' lang='lat' dir='ltr'><strong>multitu-</strong></span> 
     </span>
     <span class='ocr_line' id='line_1_27' title="bbox 116 3490 1330 3610; baseline 0.002 -40"><span class='ocrx_word' id='word_1_198' title='bbox 116 3490 261 3610; x_wconf 48' lang='grc' dir='ltr'><strong>ξξξῃξζῗω·</strong></span> <span class='ocrx_word' id='word_1_199' title='bbox 285 3507 362 3572; x_wconf 89' lang='lat' dir='ltr'><strong>dine</strong></span> <span class='ocrx_word' id='word_1_200' title='bbox 377 3529 528 3594; x_wconf 84' lang='lat' dir='ltr'><strong>guerram</strong></span> <span class='ocrx_word' id='word_1_201' title='bbox 544 3506 701 3571; x_wconf 91' lang='lat' dir='ltr'><strong>dubitans</strong></span> <span class='ocrx_word' id='word_1_202' title='bbox 717 3504 881 3572; x_wconf 88' lang='lat' dir='ltr'><strong>Parisiue¹</strong></span> <span class='ocrx_word' id='word_1_203' title='bbox 899 3508 942 3573; x_wconf 90' lang='lat' dir='ltr'><strong>ad</strong></span> <span class='ocrx_word' id='word_1_204' title='bbox 957 3507 1212 3594; x_wconf 89' lang='lat' dir='ltr'><strong>parliamentum</strong></span> <span class='ocrx_word' id='word_1_205' title='bbox 1228 3506 1330 3572; x_wconf 84' lang='lat' dir='ltr'><strong>Fran·</strong></span> 
     </span>
     <span class='ocr_line' id='line_1_28' title="bbox 116 3607 1330 3695; baseline -0.001 -21"><span class='ocrx_word' id='word_1_206' title='bbox 116 3625 195 3675; x_wconf 73' lang='lat' dir='ltr'><strong>l‘arts.</strong></span> <span class='ocrx_word' id='word_1_207' title='bbox 284 3631 395 3682; x_wconf 84' lang='lat' dir='ltr'><strong>eorum</strong></span> <span class='ocrx_word' id='word_1_208' title='bbox 411 3608 601 3685; x_wconf 88' lang='lat' dir='ltr'><strong>adveniens,</strong></span> <span class='ocrx_word' id='word_1_209' title='bbox 611 3607 651 3672; x_wconf 90' lang='lat' dir='ltr'><strong>de</strong></span> <span class='ocrx_word' id='word_1_210' title='bbox 666 3630 741 3695; x_wconf 88' lang='lat' dir='ltr'><strong>rege</strong></span> <span class='ocrx_word' id='word_1_211' title='bbox 758 3608 959 3674; x_wconf 86' lang='lat' dir='ltr'><strong>Francorum</strong></span> <span class='ocrx_word' id='word_1_212' title='bbox 975 3611 1128 3675; x_wconf 88' lang='lat' dir='ltr'><strong>emendas</strong></span> <span class='ocrx_word' id='word_1_213' title='bbox 1143 3611 1184 3675; x_wconf 95' lang='lat' dir='ltr'><strong>de</strong></span> <span class='ocrx_word' id='word_1_214' title='bbox 1200 3609 1330 3695; x_wconf 87' lang='lat' dir='ltr'><strong>injuriis</strong></span> 
     </span>
     <span class='ocr_line' id='line_1_29' title="bbox 283 3710 1328 3800; baseline 0.002 -26"><span class='ocrx_word' id='word_1_215' title='bbox 283 3711 347 3775; x_wconf 89' lang='lat' dir='ltr'><strong>sibi</strong></span> <span class='ocrx_word' id='word_1_216' title='bbox 363 3710 474 3787; x_wconf 91' lang='lat' dir='ltr'><strong>illatis,</strong></span> <span class='ocrx_word' id='word_1_217' title='bbox 490 3711 530 3775; x_wconf 92' lang='lat' dir='ltr'><strong>de</strong></span> <span class='ocrx_word' id='word_1_218' title='bbox 546 3710 688 3775; x_wconf 89' lang='lat' dir='ltr'><strong>tuitione</strong></span> <span class='ocrx_word' id='word_1_219' title='bbox 704 3710 848 3775; x_wconf 87' lang='lat' dir='ltr'><strong>filiorum</strong></span> <span class='ocrx_word' id='word_1_220' title='bbox 863 3734 997 3777; x_wconf 89' lang='lat' dir='ltr'><strong>suorum</strong></span> <span class='ocrx_word' id='word_1_221' title='bbox 1009 3734 1087 3800; x_wconf 87' lang='lat' dir='ltr'><strong>erga</strong></span> <span class='ocrx_word' id='word_1_222' title='bbox 1102 3733 1145 3789; x_wconf 92' lang='lat' dir='ltr'><strong>se,</strong></span> <span class='ocrx_word' id='word_1_223' title='bbox 1162 3717 1328 3800; x_wconf 86' lang='lat' dir='ltr'><strong>etexpug-</strong></span> 
     </span>
     <span class='ocr_line' id='line_1_30' title="bbox 283 3811 1329 3893; baseline 0.001 -15"><span class='ocrx_word' id='word_1_224' title='bbox 283 3813 418 3879; x_wconf 88' lang='lat' dir='ltr'><strong>natione</strong></span> <span class='ocrx_word' id='word_1_225' title='bbox 433 3817 530 3877; x_wconf 80' lang='lat' dir='ltr'><strong>terrm</strong></span> <span class='ocrx_word' id='word_1_226' title='bbox 547 3834 614 3877; x_wconf 86' lang='lat' dir='ltr'><strong>susc</strong></span> <span class='ocrx_word' id='word_1_227' title='bbox 629 3811 853 3893; x_wconf 79' lang='lat' dir='ltr'><strong>Nennannieo,</strong></span> <span class='ocrx_word' id='word_1_228' title='bbox 871 3814 1092 3881; x_wconf 84' lang='lat' dir='ltr'><strong>demandavit</strong></span> <span class='ocrx_word' id='word_1_229' title='bbox 1129 3814 1193 3889; x_wconf 79' lang='lat' dir='ltr'><strong>Sed</strong></span> <span class='ocrx_word' id='word_1_230' title='bbox 1208 3819 1329 3892; x_wconf 90' lang='lat' dir='ltr'><strong>tamen,</strong></span> 
     </span>
     <span class='ocr_line' id='line_1_31' title="bbox 283 3914 1330 4005; baseline 0.001 -24"><span class='ocrx_word' id='word_1_231' title='bbox 283 3914 507 3982; x_wconf 86' lang='lat' dir='ltr'><strong>mediantibus</strong></span> <span class='ocrx_word' id='word_1_232' title='bbox 530 3915 743 4001; x_wconf 86' lang='lat' dir='ltr'><strong>magnatibus</strong></span> <span class='ocrx_word' id='word_1_233' title='bbox 759 3914 916 3993; x_wconf 81' lang='lat' dir='ltr'><strong>Franciae,</strong></span> <span class='ocrx_word' id='word_1_234' title='bbox 932 3917 995 4004; x_wconf 90' lang='lat' dir='ltr'><strong>ipsi</strong></span> <span class='ocrx_word' id='word_1_235' title='bbox 1010 3917 1076 3982; x_wconf 93' lang='lat' dir='ltr'><strong>duo</strong></span> <span class='ocrx_word' id='word_1_236' title='bbox 1091 3939 1182 4005; x_wconf 84' lang='lat' dir='ltr'><strong>reges</strong></span> <span class='ocrx_word' id='word_1_237' title='bbox 1198 3917 1330 4004; x_wconf 74' lang='lat' dir='ltr'><strong>Anglise</strong></span> 
     </span>
    </p>

    <p class='ocr_par' dir='ltr' id='par_1_9' title="bbox 117 4018 1331 4104">
     <span class='ocr_line' id='line_1_32' title="bbox 117 4018 1331 4104; baseline -0.001 -19"><span class='ocrx_word' id='word_1_238' title='bbox 117 4025 318 4088; x_wconf 77' lang='lat' dir='ltr'><strong>Paliamentet</strong></span> <span class='ocrx_word' id='word_1_239' title='bbox 334 4018 481 4083; x_wconf 75' lang='lat' dir='ltr'><strong>Francite</strong></span> <span class='ocrx_word' id='word_1_240' title='bbox 505 4018 595 4104; x_wconf 87' lang='lat' dir='ltr'><strong>pacis</strong></span> <span class='ocrx_word' id='word_1_241' title='bbox 618 4023 652 4083; x_wconf 89' lang='lat' dir='ltr'><strong>et</strong></span> <span class='ocrx_word' id='word_1_242' title='bbox 675 4018 797 4083; x_wconf 91' lang='lat' dir='ltr'><strong>amoris</strong></span> <span class='ocrx_word' id='word_1_243' title='bbox 819 4019 990 4084; x_wconf 84' lang='lat' dir='ltr'><strong>vinculum</strong></span> <span class='ocrx_word' id='word_1_244' title='bbox 1004 4018 1218 4085; x_wconf 85' lang='lat' dir='ltr'><strong>innodabant.</strong></span> <span class='ocrx_word' id='word_1_245' title='bbox 1257 4018 1331 4084; x_wconf 84' lang='lat' dir='ltr'><strong>Rex</strong></span> 
     </span>
    </p>

    <p class='ocr_par' dir='ltr' id='par_1_10' title="bbox 116 4103 1329 4233">
     <span class='ocr_line' id='line_1_33' title="bbox 116 4103 1329 4233; baseline 0 -47"><span class='ocrx_word' id='word_1_246' title='bbox 116 4103 260 4233; x_wconf 49' lang='grc' dir='ltr'><strong>ξξῖἰῗὼ</strong></span> <span class='ocrx_word' id='word_1_247' title='bbox 284 4125 395 4187; x_wconf 88' lang='lat' dir='ltr'><strong>autem</strong></span> <span class='ocrx_word' id='word_1_248' title='bbox 427 4119 503 4185; x_wconf 88' lang='lat' dir='ltr'><strong>inde</strong></span> <span class='ocrx_word' id='word_1_249' title='bbox 534 4120 570 4184; x_wconf 90' lang='lat' dir='ltr'><strong>in</strong></span> <span class='ocrx_word' id='word_1_250' title='bbox 602 4120 758 4207; x_wconf 86' lang='lat' dir='ltr'><strong>Angliam</strong></span> <span class='ocrx_word' id='word_1_251' title='bbox 790 4120 918 4186; x_wconf 90' lang='lat' dir='ltr'><strong>rediens</strong></span> <span class='ocrx_word' id='word_1_252' title='bbox 949 4121 1203 4207; x_wconf 90' lang='lat' dir='ltr'><strong>parliamentum</strong></span> <span class='ocrx_word' id='word_1_253' title='bbox 1233 4143 1329 4187; x_wconf 88' lang='lat' dir='ltr'><strong>suum</strong></span> 
     </span>
    </p>

    <p class='ocr_par' dir='ltr' id='par_1_11' title="bbox 97 4199 1328 4312">
     <span class='ocr_line' id='line_1_34' title="bbox 97 4199 1328 4312; baseline -0.001 -23"><span class='ocrx_word' id='word_1_254' title='bbox 97 4199 372 4312; x_wconf 63' lang='lat' dir='ltr'><strong>·W⁸illi:1110sapud</strong></span> <span class='ocrx_word' id='word_1_255' title='bbox 396 4223 561 4290; x_wconf 84' lang='lat' dir='ltr'><strong>Oxoniam</strong></span> <span class='ocrx_word' id='word_1_256' title='bbox 583 4223 655 4288; x_wconf 90' lang='lat' dir='ltr'><strong>fieri</strong></span> <span class='ocrx_word' id='word_1_257' title='bbox 678 4221 900 4311; x_wconf 78' lang='lat' dir='ltr'><strong>praecipiebat.</strong></span> <span class='ocrx_word' id='word_1_258' title='bbox 945 4223 1015 4290; x_wconf 91' lang='lat' dir='ltr'><strong>Ubi</strong></span> <span class='ocrx_word' id='word_1_259' title='bbox 1042 4223 1239 4289; x_wconf 91' lang='lat' dir='ltr'><strong>Willielmus</strong></span> <span class='ocrx_word' id='word_1_260' title='bbox 1268 4247 1328 4289; x_wconf 83' lang='lat' dir='ltr'><strong>rex</strong></span> 
     </span>
    </p>

    <p class='ocr_par' dir='ltr' id='par_1_12' title="bbox 117 4317 1329 4413">
     <span class='ocr_line' id='line_1_35' title="bbox 117 4317 1329 4413; baseline -0.001 -20"><span class='ocrx_word' id='word_1_261' title='bbox 117 4317 271 4369; x_wconf 62' lang='lat' dir='ltr'><strong>⁸⁰⁰³¹⁸¹¹di⁰</strong></span> <span class='ocrx_word' id='word_1_262' title='bbox 284 4328 403 4394; x_wconf 81' lang='lat' dir='ltr'><strong>Scotiae</strong></span> <span class='ocrx_word' id='word_1_263' title='bbox 426 4327 630 4392; x_wconf 91' lang='lat' dir='ltr'><strong>constitutus</strong></span> <span class='ocrx_word' id='word_1_264' title='bbox 648 4326 779 4412; x_wconf 90' lang='lat' dir='ltr'><strong>juravit</strong></span> <span class='ocrx_word' id='word_1_265' title='bbox 801 4348 835 4391; x_wconf 91' lang='lat' dir='ltr'><strong>ee</strong></span> <span class='ocrx_word' id='word_1_266' title='bbox 857 4347 931 4391; x_wconf 88' lang='lat' dir='ltr'><strong>cum</strong></span> <span class='ocrx_word' id='word_1_267' title='bbox 954 4327 1167 4413; x_wconf 83' lang='lat' dir='ltr'><strong>magnatibus</strong></span> <span class='ocrx_word' id='word_1_268' title='bbox 1188 4332 1223 4393; x_wconf 91' lang='lat' dir='ltr'><strong>et</strong></span> <span class='ocrx_word' id='word_1_269' title='bbox 1245 4328 1329 4392; x_wconf 90' lang='lat' dir='ltr'><strong>clero</strong></span> 
     </span>
    </p>
   </div>
   <div class='ocr_carea' id='block_1_3' title="bbox 116 4385 1328 4519">
    <p class='ocr_par' dir='ltr' id='par_1_13' title="bbox 116 4385 1328 4519">
     <span class='ocr_line' id='line_1_36' title="bbox 116 4385 898 4445; baseline 0.004 -13"><span class='ocrx_word' id='word_1_270' title='bbox 116 4385 266 4437; x_wconf 73' lang='lat' dir='ltr'><strong>tendendae</strong></span> <span class='ocrx_word' id='word_1_271' title='bbox 366 4430 374 4445; x_wconf 83' lang='grc'>,</span> <span class='ocrx_word' id='word_1_272' title='bbox 481 4430 488 4444; x_wconf 88' lang='grc'><strong>,</strong></span> <span class='ocrx_word' id='word_1_273' title='bbox 892 4429 898 4443; x_wconf 92' lang='grc'>,</span> 
     </span>
     <span class='ocr_line' id='line_1_37' title="bbox 118 4428 1328 4519; baseline -0.002 -23"><span class='ocrx_word' id='word_1_274' title='bbox 118 4450 232 4504; x_wconf 66' lang='lat' dir='ltr'><strong>senisse</strong></span> <span class='ocrx_word' id='word_1_275' title='bbox 283 4453 377 4519; x_wconf 83' lang='lat' dir='ltr'><strong>regnr</strong></span> <span class='ocrx_word' id='word_1_276' title='bbox 399 4430 520 4497; x_wconf 79' lang='lat' dir='ltr'><strong>Scotrae</strong></span> <span class='ocrx_word' id='word_1_277' title='bbox 544 4429 728 4495; x_wconf 87' lang='lat' dir='ltr'><strong>Eboracum</strong></span> <span class='ocrx_word' id='word_1_278' title='bbox 752 4428 796 4493; x_wconf 92' lang='lat' dir='ltr'><strong>ad</strong></span> <span class='ocrx_word' id='word_1_279' title='bbox 817 4428 1072 4517; x_wconf 88' lang='lat' dir='ltr'><strong>parhamentum</strong></span> <span class='ocrx_word' id='word_1_280' title='bbox 1094 4429 1328 4512; x_wconf 88' lang='lat' dir='ltr'><strong>adventurum,</strong></span> 
     </span>
    </p>
   </div>
   <div class='ocr_carea' id='block_1_4' title="bbox 584 4636 985 4770">
    <p class='ocr_par' dir='ltr' id='par_1_14' title="bbox 584 4636 985 4770">
     <span class='ocr_line' id='line_1_38' title="bbox 584 4636 985 4770; baseline 0.002 -17"><span class='ocrx_word' id='word_1_281' title='bbox 584 4636 603 4679; x_wconf 62' lang='lat'>⁸</span> <span class='ocrx_word' id='word_1_282' title='bbox 629 4703 778 4770; x_wconf 53' lang='lat' dir='ltr'><strong>massa]</strong></span> <span class='ocrx_word' id='word_1_283' title='bbox 797 4702 918 4764; x_wconf 59' lang='lat' dir='ltr'><strong>reseas</strong></span> <span class='ocrx_word' id='word_1_284' title='bbox 930 4702 985 4755; x_wconf 79' lang='lat' dir='ltr'><strong>us.</strong></span> 
     </span>
    </p>
   </div>
   <div class='ocr_carea' id='block_1_5' title="bbox 0 0 1620 5692">
    <p class='ocr_par' dir='ltr' id='par_1_15' title="bbox 0 0 1620 5692">
     <span class='ocr_line' id='line_1_39' title="bbox 0 0 1620 5692; baseline 0 2"><span class='ocrx_word' id='word_1_285' title='bbox 0 0 1620 5692; x_wconf 95' lang='lat' dir='ltr'><strong> </strong></span> 
     </span>
    </p>
   </div>
  </div>
 </body>
</html>
