3232 5692
342 776 406 840 ‘234
633 790 780 839 rsonae
800 789 911 839 sasas
934 784 1087 841 rannus.

172 967 319 1057 All-„¹¹⁸2
341 968 484 1033 austerio
517 989 560 1032 ex
583 968 662 1053 ipsis
684 966 791 1031 adhuc
812 965 991 1049 imminere,
1014 970 1119 1035 accito
1149 974 1242 1056 patre
1268 968 1391 1035 abbate

170 1040 263 1086 '¹¹⁹⁴'
341 1071 382 1135 de
416 1070 588 1147 Fontibus,
623 1068 764 1136 officium
798 1069 989 1135 abbatiatus
1021 1068 1095 1136 sui¹
1134 1072 1163 1137 ei
1196 1072 1389 1158 resignavit,

341 1194 429 1237 anno
446 1172 581 1237 Domini
599 1174 696 1251 1197,
712 1177 746 1236 et
769 1172 1067 1238 administrationis
1088 1173 1240 1239 suae15.²
1270 1174 1390 1261 Super·

340 1274 562 1339 visitantem
585 1278 661 1359 post
690 1273 867 1338 cessionem
890 1295 983 1338 suam
1006 1274 1073 1340 fere
1094 1298 1153 1362 per
1176 1280 1194 1341 5
1218 1280 1391 1352 enasset

341 1398 428 1441 anno
451 1376 586 1441 Domini
611 1378 697 1439 1202
720 1376 810 1439 viam
833 1377 996 1441 universae
1024 1378 1132 1443 carnis
1153 1377 1327 1464 ingressus,
1351 1377 1389 1441 in

341 1479 486 1566 capitulo
504 1479 603 1564 juxta
624 1477 874 1564 praedecessores
904 1500 980 1543 suos
1002 1478 1109 1543 Adam
1140 1484 1175 1543 et
1197 1479 1388 1566 Philippum

337 1582 440 1667 juxta
473 1580 649 1645 australem
684 1579 869 1645 columnam
892 1602 985 1645 secus
1007 1579 1218 1667 analogium³
1241 1581 1390 1667 sepultus

173 1691 309 1757 buildings
342 1688 399 1748 est.
446 1683 615 1768 Siquidem
639 1681 749 1746 ⁴idem
781 1682 883 1747 abbas
917 1682 1041 1769 incepit
1070 1704 1190 1747 novam
1213 1681 1390 1762 ecclesiam,

173 1761 319 1874 {wll
341 1791 376 1850 et
394 1786 548 1871 quicquid
579 1790 679 1848 antea
710 1783 746 1848 in
778 1806 816 1849 ea
847 1790 1071 1849 constructum
1105 1784 1213 1849 fuerat
1245 1789 1390 1871 prostra-

341 1886 416 1967 vit‚⁴
438 1888 517 1972 quia
550 1887 660 1951 minus
692 1891 910 1972 congruenter
943 1908 1041 1972 quam
1074 1886 1202 1952 deceret
1231 1886 1392 1973 disposita

341 1996 413 2055 erat
443 1996 477 2054 et
511 1994 704 2055 constructa.
766 1988 831 2053 Sed
862 1993 976 2075 postea
1009 1989 1200 2054 Alexander
1231 1990 1334 2054 abbas
1368 1992 1390 2052 4

340 2113 502 2157 successor
535 2091 614 2177 ejus,
636 2091 742 2175 ipsam
774 2111 896 2155 novam
927 2091 1201 2156 constructionem
1231 2086 1391 2169 diruens,⁶

172 2201 269 2252 t³0t
341 2194 442 2279 coepit
464 2194 504 2258 de
526 2192 639 2257 novo⁰
660 2192 828 2257 ecclesiam
858 2214 932 2277 quae
963 2214 1052 2257 nunc
1075 2191 1150 2257 est⁷
1172 2190 1391 2258 reaedificare.l

174 2314 322 2365 Successori
386 2294 515 2380 ”Cujus
560 2295 692 2380 quidem
741 2293 872 2358 abbatis
909 2301 1063 2380 tempore,
1101 2300 1176 2380 post
1213 2293 1389 2358 Urbanum

173 2380 293 2445 ⁰fP⁰1'⁰³·
339 2419 459 2483 papam
483 2400 512 2474 3,
528 2402 751 2462 successerunt
776 2395 882 2461 eidem
908 2396 1054 2461 seriatim
1078 2396 1253 2482 Gregorius
1277 2399 1308 2475 8,
1330 2416 1389 2460 na·

340 2499 431 2563 tione
466 2499 727 2574 Beneventanus,
752 2503 787 2561 et
820 2496 970 2564 Clemens
993 2502 1021 2574 3,
1045 2498 1180 2561 natione
1211 2497 1388 2574 Romanus,

340 2622 397 2686 per
421 2604 441 2665 3
464 2622 569 2665 anrros
599 2601 707 2664 sedem
741 2599 954 2684 apostolicam
985 2600 1212 2690 gubernantes.
1260 2598 1387 2678 Quibus

173 2707 300 2759 eelestine
342 2702 540 2770 Caelestinus
572 2707 592 2768 3
627 2702 760 2766 natione
794 2702 962 2765 Romanus
992 2702 1153 2766 successit.
1209 2708 1265 2778 Qui
1292 2708 1322 2761 2⁰
1339 2706 1387 2762 die
1401 2707 1433 2757 R.
1447 2706 1531 2759 Cesar.

342 2805 567 2861 consecrationis
589 2822 650 2859 auur
670 2804 820 2857 coronavit
838 2803 1000 2857 Hernicum
1016 2803 1043 2867 5,
1063 2802 1213 2857 Frederici
1231 2801 1335 2863 fllium,
1355 2799 1387 2853 in
1400 2773 1448 2823 ⁰⁰¹·
1460 2780 1540 2827 ²⁴⁰⁸·

174 2852 320 2968 gxssmnssiison
341 2889 556 2961 imperatorem,
584 2888 638 2943 suh
663 2888 718 2941 hac
744 2888 847 2941 forma.
886 2887 921 2941 In
944 2887 1058 2957 primis,
1083 2896 1200 2957 recepto
1226 2884 1262 2939 ab
1286 2881 1388 2938 eodem

173 2986 208 3049 by
219 2985 273 3033 him
285 2986 316 3033 of
341 2972 470 3027 Hemico
483 2973 660 3043 juramenta,
680 2976 745 3025 aute
764 2970 873 3041 gradus
892 2970 1022 3026 ecclesian
1040 2970 1188 3032 Romanas,
1201 2966 1280 3039 quod
1297 2966 1387 3021 eccle·

172 3051 216 3101 ¹¹¹0
227 3067 309 3114 (111110-
342 3056 416 3111 siam
434 3056 491 3111 Dei
516 3054 694 3119 defenderet,
715 3053 779 3123 ejus
803 3054 873 3124 jura
899 3059 1091 3117 conservaret,
1112 3060 1223 3107 rectam
1240 3049 1388 3122 justitiam

126 3122 129 3130 Ι
172 3118 316 3232 {instuli
342 3154 463 3215 teneret,
490 3147 700 3220 patrimonium
727 3137 839 3201 Sancti
870 3146 951 3201 Petri
973 3145 998 3199 si
1026 3144 1097 3215 quid
1107 3144 1127 3175 ¹⁰
1145 3144 1274 3199 ablatum
1299 3141 1389 3196 fueris

341 3267 394 3320 pro
421 3266 506 3320 posse
532 3254 689 3312 revocaret,
710 3238 740 3301 ei
768 3252 903 3301 econtra
921 3244 1055 3298 daminus
1082 3261 1166 3314 papa,
1192 3244 1224 3297 in
1251 3240 1389 3297 cathedra

342 3340 445 3395 sedens
464 3358 657 3411 coronamque
676 3340 858 3410 imperialem
871 3336 994 3407 pedibus
1013 3342 1123 3399 tenens,
1144 3336 1282 3389 inclinato
1300 3333 1387 3404 capiti

342 3424 488 3494 imperiali
507 3424 636 3489 dimisit;
667 3442 754 3493 quam
782 3422 880 3476 statim
908 3437 975 3475 cum
1001 3419 1123 3490 pedihus
1150 3419 1182 3472 in
1208 3426 1316 3473 terram
1342 3436 1389 3473 ex·

376 3643 384 3672 ¹
402 3640 543 3689 abbatiolas
555 3640 607 3704 sur]
627 3656 708 3699 suurn,
720 3640 749 3689 l’.
864 3648 867 3719 p
921 3642 931 3668 ⁰
948 3640 1023 3688 Alter
1035 3656 1093 3687 noro
1104 3638 1182 3688 insert
1196 3639 1296 3699 dictum,
1308 3639 1337 3689 l'.

376 3720 478 3769 ²Alter
493 3726 523 3769 15
542 3720 627 3777 insert,
645 3720 678 3768 Et
696 3720 733 3768 sie
754 3720 843 3769 cedens
864 3764 866 3775 ,
921 3721 930 3745 ⁷
948 3734 1001 3780 qurr
1013 3734 1076 3766 nnnc
1088 3718 1137 3782 ert]
1158 3720 1271 3781 wanting
1282 3718 1308 3767 in
1320 3719 1349 3767 P.

342 3809 368 3850 et
378 3800 456 3864 quieti
469 3814 520 3848 sum
538 3798 692 3863 prospiciens
709 3798 774 3847 inter
790 3814 843 3846 mo·
864 3788 867 3797 ⁴
921 3800 930 3825 '⁴
948 3796 1108 3861 reedificare]
1129 3798 1206 3847 From
1218 3797 1269 3847 this
1279 3797 1351 3860 point
1361 3806 1387 3847 to

342 3879 437 3928 nachos
463 3879 579 3941 deinceps
608 3885 776 3927 commoratus
799 3886 844 3931 est,
864 3860 866 3891 l
888 3875 931 3924 the
954 3878 1003 3924 eud
1026 3876 1055 3923 of
1074 3877 1116 3925 the
1140 3878 1237 3942 history
1261 3878 1291 3925 of
1314 3879 1387 3926 abbat

342 3959 414 4023 qnasi
425 3974 489 4005 nnus
501 3974 534 4007 ex
545 3957 613 4020 ipsis,
626 3957 655 4005 P.
864 3968 867 4031 y
888 3955 1007 4014 Thomas,
1035 3955 1079 4005 the
1104 3956 1214 4019 Egerton
1242 3956 1298 4005 MS.
1326 3957 1387 4019 only

374 4040 384 4068 ⁸
401 4035 551 4102 arralopium]
572 4035 717 4100 analogium
735 4034 760 4083 in
783 4034 843 4084 both
864 4048 866 4095 ι
888 4033 1004 4096 ahridges
1016 4032 1059 4083 the
1071 4034 1198 4083 narrative
1209 4048 1236 4083 as
1251 4034 1303 4082 first
1319 4034 1387 4082 arit-

342 4116 419 4167 MSS.
888 4122 938 4169 ten,
951 4114 1000 4161 aad
1016 4114 1148 4175 preserved
1160 4113 1186 4161 in
1205 4114 1247 4163 the
1265 4112 1389 4175 l'billipps

374 4194 550 4245 stromateas
575 4231 606 4244 ..
633 4232 639 4243 .
664 4231 670 4242 .
692 4194 840 4258 prostravit]
888 4192 953 4250 MS,
963 4192 1013 4240 and
1022 4192 1104 4241 which
1112 4193 1264 4243 isthereforc
1273 4193 1387 4242 followed

342 4282 400 4325 ante
422 4290 502 4324 annos
524 4274 619 4336 aliquot
642 4273 741 4336 incepta
764 4272 844 4321 fuerat
887 4271 915 4319 in
937 4272 979 4320 the
1002 4280 1062 4320 text.
1097 4272 1153 4321 The
1180 4273 1340 4336 abridgment
1365 4274 1387 4321 is

341 4353 510 4410 ecclesiased
528 4358 639 4415 tempore
656 4351 731 4415 hujus
746 4351 843 4400 abbatis
888 4351 986 4412 printed
1020 4366 1048 4400 as
1079 4366 1110 4399 an
1139 4351 1265 4415 appendix
1293 4358 1319 4399 to
1346 4350 1387 4400 the

341 4432 460 4495 quicquid
482 4431 509 4478 in
532 4446 562 4479 ea
581 4440 655 4480 antea
673 4439 843 4480 eorrstructum
887 4429 984 4493 history
996 4430 1026 4477 of
1033 4430 1075 4479 the
1086 4431 1169 4479 abbat.

340 4512 422 4562 suerat
433 4512 585 4560 destructum
597 4518 643 4571 est,
655 4510 684 4560 l'.
919 4510 928 4537 ⁸
949 4509 1027 4572 Crp'us
1037 4508 1143 4574 quidem]
1163 4510 1224 4559 l‘art
1236 4510 1266 4559 os
1279 4508 1388 4573 Chapter

371 4592 479 4655 'ipsam
503 4627 534 4641 ..
555 4626 562 4641 .
587 4588 699 4654 diruens]
730 4589 843 4653 wanting
886 4586 948 4636 v11.
961 4587 986 4634 in
998 4587 1027 4637 l’.
1241 4632 1244 4637 ,

339 4668 367 4718 in
378 4669 408 4721 P.
920 4668 939 4698 ¹⁰
947 4667 1017 4733 quid]
1038 4670 1111 4731 quod,
1125 4669 1179 4720 MS.
