3232 5692
550 799 734 849 caraunus
756 799 865 850 assas
886 802 1073 855 suesanus.
1270 792 1335 857 163

286 969 391 1048 nobis,
416 992 489 1036 cum
512 991 645 1058 corpore
668 993 735 1051 suo,
761 974 928 1058 quandam
958 975 1152 1060 particulam
1175 981 1272 1044 terrm
1298 978 1414 1044 inan.
1429 996 1492 1042 noo

287 1073 520 1160 Dodyngtona
566 1072 631 1139 Sed
664 1080 790 1160 quanta
821 1076 921 1141 fucrit
944 1077 997 1142 vel
1019 1078 1100 1142 xaal'
1122 1101 1202 1163 quos
1236 1061 1494 1187 devs-gtffl'land

286 1177 373 1242 nerit
396 1176 588 1263 ignoratur.¹
624 1178 704 1243 Post
726 1178 818 1263 cujus
842 1184 990 1257 mortem,
1014 1181 1205 1268 praescripta
1228 1184 1330 1262 Iusta,
1344 1200 1371 1249 in
1386 1201 1500 1267 hoding-

285 1280 325 1345 de
349 1301 414 1366 qua
436 1281 503 1367 ipse
526 1280 711 1347 Ernaldus2
732 1281 839 1347 filium
872 1282 1012 1368 genuit?
1034 1283 1206 1369 praefatam
1237 1268 1485 1397 dimi-{fynffifd

285 1382 374 1447 diam
412 1387 597 1449 carucatam
635 1390 731 1450 terrae
769 1384 941 1470 expetivit,
980 1385 1091 1451 dicens
1137 1388 1330 1473 praedictum
1344 1400 1490 1453 deusone

286 1486 465 1550 Ernaldum
487 1507 559 1551 eam
581 1484 645 1551 sibi
667 1492 701 1551 ct
723 1486 791 1552 filio
813 1508 873 1552 suo
895 1486 1078 1554 contulisse.
1125 1489 1238 1556 Abbas
1252 1512 1332 1557 vero
1344 1482 1401 1532 ⁸⁰¹¹·

283 1591 318 1652 ct
340 1588 488 1653 canonici
510 1588 551 1652 de
566 1587 758 1654 Thorntona
772 1589 902 1654 mulieri
919 1590 1087 1675 praedicto
1108 1592 1144 1656 in
1159 1592 1221 1657 hac
1234 1614 1332 1659 causa

283 1690 490 1769 assistebant,
505 1691 668 1777 praecipue
691 1691 770 1776 quia
792 1691 863 1778 ipsa
885 1692 1096 1759 medietatem
1119 1699 1265 1779 quaestus
1279 1696 1330 1761 sui

282 1793 330 1857 cis
351 1792 569 1880 promittebat
600 1794 628 1859 si
660 1793 767 1859 filium
790 1794 859 1880 ejus
881 1795 1083 1882 susciperent
1105 1798 1328 1866 nutriendum.

283 1893 372 1975 Sed,⁴
394 1917 468 1961 cum
490 1917 602 1983 pacem
618 1918 691 1962 cum
706 1896 798 1963 dieta
820 1896 957 1963 muliere
972 1898 1158 1965 fecissemus
1173 1905 1207 1965 at
1222 1900 1328 1966 filium

282 1999 352 2084 cjus
374 2000 609 2086 susciperemus
632 1998 856 2078 nutriendum,
880 1999 950 2065 eis⁶
972 2022 1051 2066 vero
1076 2001 1133 2086 jus
1164 2025 1259 2069 suum
1291 2005 1329 2072 in

283 2101 354 2187 ipsa
376 2101 515 2168 dimidia
537 2107 688 2168 carucata
709 2106 807 2170 terrae
829 2102 1085 2188 abjurantibus,⁰
1107 2108 1195 2192 pacti
1216 2129 1329 2173 sumus

259 2203 263 2213 '
281 2203 360 2290 ipsis
382 2204 496 2270 abbati
519 2210 553 2271 ct
575 2205 738 2271 canonicis
753 2205 793 2271 de
809 2205 1000 2272 Thorntona
1014 2209 1221 2297 praescriptos
1235 2210 1328 2277 xviii.

280 2306 430 2374 denarios
459 2308 585 2373 solvere
618 2308 799 2373 annuatim.
844 2308 1003 2374 Osbertus
1037 2311 1138 2376 etiam
1167 2312 1209 2377 do
1241 2313 1329 2377 Fris·
1340 2323 1420 2377 Mora

280 2402 417 2476 marisco
438 2411 572 2497 primus,
589 2411 647 2496 qui
669 2409 822 2477 similiter
843 2432 973 2498 magnae
994 2413 1159 2499 opinionis
1181 2415 1234 2479 vir
1253 2416 1326 2496 fuit,
1339 2429 1494 2497 Lanagivea

279 2515 378 2580 aliam
400 2514 572 2579 dimidiam
587 2518 772 2580 carucatam
787 2519 882 2580 tensa
905 2519 1004 2580 antea
1025 2516 1121 2582 nobis
1143 2518 1327 2583 contulerat
1338 2498 1476 2614 ἓξὲξ-θη

280 2617 314 2681 in
338 2617 489 2704 proximo
519 2616 696 2694 territorio,
720 2615 845 2682 scilicet
876 2617 912 2681 in
946 2638 1060 2705 campo
1094 2618 1135 2684 de
1167 2620 1267 2699 blora,
1292 2628 1429 2687 straena.

279 2727 447 2807 pasturam
479 2742 539 2786 ccc.
563 2719 681 2785 ovibus
714 2719 758 2784 ad
789 2719 1007 2805 aquilonalem
1038 2727 1166 2808 partem
1200 2723 1241 2788 de
1264 2724 1325 2789 Be-

279 2824 368 2889 forth
380 2823 404 2906 ;7
427 2846 525 2910 quam
540 2824 638 2889 ctiam
656 2822 763 2888 dictus
780 2821 968 2887 Ernaldus⁸
984 2824 1078 2889 nobis
1100 2826 1324 2893 confirmabat.

279 2926 385 3006 Quam
422 2927 703 2992 confirmationem
738 2924 860 2990 obtulit
899 2947 996 3013 super
1028 2949 1184 3014 magnum
1221 2929 1325 2995 altare

277 3036 434 3106 nostram,
457 3033 618 3117 prasente
645 3048 776 3114 corpore
801 3027 925 3093 Christi
949 3033 984 3093 et
1005 3034 1117 3094 nostro
1148 3039 1322 3110 conventu,

277 3132 357 3197 data
377 3131 443 3196 fide
465 3131 512 3196 sic
535 3130 731 3209 tenendam
754 3130 971 3195 conventione
993 3131 1152 3217 siquidem
1177 3133 1239 3197 tali
1265 3156 1322 3198 an-

277 3256 371 3312 nexa,
387 3234 475 3318 quod
498 3233 526 3297 si
548 3230 673 3317 aliquid
691 3231 796 3318 jurgii
818 3232 874 3297 vel
896 3234 1103 3299 contumeliae
1127 3235 1215 3301 inter
1236 3237 1322 3322 ipsos

277 3337 456 3402 Ernaldum
480 3341 515 3402 et
537 3335 715 3401 Osbertum
730 3335 783 3399 vel
799 3355 911 3399 eorum
934 3335 1068 3401 heredes
1088 3342 1197 3402 ortum
1221 3339 1322 3405 fuerit

277 3440 311 3503 in
335 3445 467 3519 eventu,
490 3459 550 3503 nos
572 3460 630 3524 per
659 3437 784 3502 dictum
808 3436 988 3502 Ernaldum
1011 3439 1067 3504 vel
1088 3439 1223 3505 heredes
1245 3463 1321 3506 suos

275 3563 333 3629 per
365 3539 586 3606 substantiam
620 3544 766 3605 nostram
801 3539 836 3602 in
868 3538 979 3624 aliquo
1013 3562 1079 3606 non
1102 3543 1321 3608 vexaremur.⁹

275 3645 328 3722 Et,
345 3645 422 3730 quia
444 3629 503 3709 sex
525 3665 608 3708 acrae
630 3647 727 3707 terrm
750 3640 928 3706 defuerunt
951 3641 991 3706 de
1015 3642 1155 3708 dimidia
1170 3651 1321 3711 aarumta

273 3753 369 3814 terrm
391 3744 586 3834 praadicta,¹⁰
616 3745 702 3810 idem
726 3743 919 3809 Osbertus¹¹
944 3745 1053 3811 Alauo
1075 3746 1143 3812 filio
1173 3771 1231 3814 suo
1263 3749 1318 3814 de-

703 3941 1026 3951 ——---
1259 3949 1312 3957 -—·-

307 4070 312 4099 ¹
334 4067 384 4117 sea
401 4105 406 4117 .
425 4104 431 4115 .
450 4103 457 4118 .
475 4105 481 4116 .
500 4064 639 4131 ipaoralrar]
658 4063 771 4129 wanting
852 4066 949 4130 ⁸qrrram
967 4066 1167 4145 ...Ernoldaa]
1188 4072 1229 4135 qui
1242 4071 1318 4121 etiam

274 4165 299 4198 ru
312 4149 341 4198 P.
820 4142 903 4193 dictus
928 4145 1054 4197 Emaldas
1081 4148 1160 4213 ipsam
1188 4151 1317 4202 dimidiam

305 4232 315 4258 ²⁶
332 4227 408 4277 aaa·
419 4224 549 4276 Ernnldua
564 4225 641 4274 insert
661 4232 689 4275 ut
706 4238 769 4288 prm·
820 4231 963 4274 carucatam
975 4234 1055 4287 terrm,
1067 4228 1095 4277 P.

273 4308 374 4366 divina,
387 4307 416 4357 P,
853 4306 862 4333 ⁹
879 4320 924 4351 iren
938 4306 1091 4370 lassaremur]
1111 4308 1196 4357 vexari
1213 4309 1317 4359 minima·

306 4390 315 4415 ¹
331 4386 427 4452 gicaait]
447 4384 595 4450 procrearit,
608 4382 637 4433 P.
820 4384 973 4443 deberemus,
985 4384 1014 4433 P.

308 4469 314 4495 ⁸
334 4466 395 4530 Sed]
416 4466 498 4521 Unde,
511 4465 539 4514 P.
593 4473 605 4496 ·
854 4465 873 4493 ¹⁰
890 4472 959 4511 tarra
968 4464 1102 4531 prodicta]
1124 4468 1236 4531 wanting
1248 4468 1273 4517 iu
1288 4470 1315 4519 Ρ.

308 4549 315 4573 ’·
331 4545 379 4611 cin]
398 4560 482 4594 eonam
495 4554 606 4608 utroque,
619 4545 647 4593 P.
854 4544 869 4571 ¹'
888 4542 964 4592 Aller
983 4543 1101 4594 (laberius
1118 4547 1202 4609 insert,
1221 4549 1246 4597 in
1265 4550 1316 4599 vim

306 4629 316 4654 ⁶
332 4623 517 4690 abjurantibus]
537 4624 674 4685 abjurante,
688 4624 715 4673 P.
819 4638 871 4681 saa,
883 4623 971 4674 aalma
984 4639 1034 4675 snm
1052 4625 1201 4689 perhorrens
1220 4629 1318 4691 pericu·

308 4706 316 4731 ⁷
333 4703 361 4752 de
374 4703 489 4769 Bqaraa]
510 4703 638 4755 Bifordia.
652 4703 680 4753 P.
819 4704 878 4755 lum.
890 4704 919 4754 P.

1119 4801 1138 4848 L
1163 4789 1182 4847 2
