3232 5692
513 809 610 859 suae
632 807 742 860 ssnss
765 807 924 869 comens
1174 794 1237 860 395

26 984 305 1058 R·ffiss‘l<³11‚ardore
327 985 490 1051 maculare
523 986 736 1073 praeoptabat.
784 994 925 1051 Sanctum
955 991 1101 1065 quendam
1129 991 1237 1056 virum,
1251 988 1321 1039 Al)-
1336 994 1407 1038 1214.

26 1060 72 1113 θοι
83 1067 159 1112 ²⁴²⁴·
190 1089 307 1145 nomine
325 1088 447 1146 Petrum
465 1089 502 1145 de
519 1089 714 1155 Pontefracto,
735 1088 859 1144 distrahi
881 1086 952 1143 feeit
969 1091 1000 1143 et
1017 1083 1166 1157 suspendi,
1186 1100 1239 1154 pro
1251 1069 1372 1188 {em

191 1191 225 1230 co
244 1173 322 1245 quod
339 1174 515 1246 praedixerat
533 1174 561 1230 ei
578 1175 674 1231 multa
691 1173 852 1230 infortunia
869 1179 988 1245 propter
1007 1168 1195 1227 crudelitates
1210 1172 1241 1224 et
1275 1153 1291 1186 ⁰

191 1258 396 1314 fornicationes
415 1277 483 1315 snas
501 1259 638 1327 affutura,
661 1265 691 1315 et
709 1258 798 1315 etiarn
817 1258 887 1330 quia
903 1255 1041 1329 praedixit
1058 1254 1087 1310 ei
1110 1252 1187 1325 quod
1206 1252 1240 1308 14

191 1353 274 1407 annis
302 1359 448 1424 regnaret,
469 1371 537 1408 omn
563 1359 661 1408 tamen
679 1353 714 1409 18
733 1370 816 1425 prnne
840 1351 923 1407 annis
943 1341 1015 1428 jam
1038 1344 1115 1405 ante
1134 1364 1239 1419 regna·

190 1447 291 1507 verat;
323 1441 462 1512 ignorans
487 1442 518 1496 in
544 1442 600 1497 hoc
628 1441 707 1514 quod
733 1441 767 1496 ll
792 1440 875 1495 annis
900 1445 1015 1495 tanturn
1041 1434 1119 1494 ante
1149 1437 1242 1492 libera

191 1527 338 1590 regnaret,
359 1521 411 1576 sed
429 1521 524 1576 tribus
543 1521 626 1576 annis
644 1539 702 1577 non
719 1520 823 1586 libere,
843 1520 914 1591 quia
932 1519 987 1575 snb
1004 1520 1116 1575 tributo
1133 1515 1241 1589 papali.

191 1604 247 1660 Isti
272 1604 361 1660 Petro
385 1604 431 1661 bis
457 1606 535 1677 apud
560 1606 726 1662 Eboracum
752 1611 783 1661 et
809 1604 901 1661 semel
926 1603 1005 1677 apud
1022 1603 1242 1660 Pontesraetum

192 1688 329 1760 apparuit
346 1688 483 1745 Christus
501 1689 532 1744 in
551 1690 645 1745 forma
662 1689 756 1762 pueri,
776 1689 854 1744 inter
880 1706 984 1745 manns
1010 1687 1179 1752 sacerdotis,
1199 1684 1243 1739 in·

192 1773 309 1829 sufflans
327 1773 359 1828 in
376 1792 453 1840 eum,
474 1779 505 1830 et
528 1781 574 1830 ter
591 1774 701 1842 dicens,
722 1772 822 1838 “Par,
843 1773 914 1841 Pax,
933 1771 1039 1828 Pax!’'
1076 1771 1241 1842 Docuitqne

192 1875 260 1913 eum
277 1857 372 1914 multa
389 1877 454 1930 quse
472 1859 659 1930 postmodnm
685 1849 833 1914 enarravit
858 1856 1044 1928 pontificibus
1071 1862 1102 1912 et
1125 1853 1241 1927 populis

191 1942 268 1996 male
286 1941 461 1999 viventibus.
498 1943 611 2015 Raptus
638 1949 685 1999 est
709 1944 799 1998 etiarn
824 1940 983 2012 aliqnando
1010 1941 1041 1996 in
1068 1939 1175 1995 mentis
1194 1956 1241 1993 ex·

192 2043 278 2082 eessn
304 2044 357 2099 per
381 2031 442 2083 tres
469 2027 533 2085 dies
560 2033 590 2083 et
615 2035 725 2096 noctes,
744 2026 797 2082 ubi
815 2025 891 2083 vidit
908 2024 1019 2098 gaudia
1035 2025 1189 2084 beatorum
1213 2025 1244 2078 et

192 2128 293 2181 poenas
312 2111 514 2184 reproborum.

194 2414 273 2515 Car.
298 2447 390 2515 XVI.
423 2449 474 2517 De
506 2447 683 2517 discordie
712 2448 807 2517 inter
839 2469 950 2534 repent
983 2447 1182 2516 Johannem
1212 2450 1243 2515 et

278 2574 429 2639 procerus
439 2576 453 2631 ;
480 2551 521 2618 dc
541 2551 717 2618 borleruabo
731 2551 812 2636 filio
834 2550 925 2637 repis
947 2550 1107 2618 Fraraeice
1129 2558 1241 2618 uocato

281 2653 328 2723 <ul
351 2653 504 2741 regimen
522 2653 685 2740 Aureliam·
708 2660 738 2720 ct
762 2653 801 2721 de
823 2659 930 2720 more
952 2653 1041 2741 repis
1055 2654 1241 2723 Jotaaoe's.

237 2837 289 2903 Ob
311 2837 501 2925 hujusmodi
515 2838 619 2926 igitur
641 2838 728 2926 regis
742 2837 925 2920 malefacta,
941 2861 1090 2926 proceres
1104 2841 1239 2927 qnidam
1255 2858 1322 2912 ab.
1336 2864 1408 2912 1215.

193 2945 309 3005 contra
338 2963 448 3029 regern
480 2941 740 3018 insurrexerunt,
762 2946 797 3007 et
828 2941 981 3008 civitates
1014 2942 1174 3028 quasdam
1206 2950 1241 3011 et
1254 2943 1386 3061 ῙΨἭ

193 3042 289 3107 villas
322 3045 429 3130 regias
463 3048 666 3131 aeceperunt.
722 3042 851 3123 Quibus
885 3043 1034 3132 cognitis,
1067 3067 1127 3110 rex
1161 3045 1240 3132 ipse,
1254 3017 1354 3129 {¹21¹}ss
1386 3028 1400 3063 ⁰

193 3146 454 3233 archiepiscopus
484 3152 520 3213 et
550 3147 608 3212 alii
640 3168 787 3234 proceres
818 3146 888 3235 regi
919 3148 1079 3232 faventes,
1102 3149 1241 3219 adunati

193 3247 389 3315 seditionem
435 3271 605 3336 procerum
641 3249 754 3315 sedare
792 3249 1017 3320 decreverunt
1073 3255 1144 3321 Ubi
1180 3279 1241 3324 rex
1252 3273 1349 3340 Magna

193 3352 379 3437 proceribus
401 3357 436 3417 et
458 3352 532 3418 aliis
554 3353 622 3418 suis
645 3352 842 3440 Angligenis
864 3353 1011 3420 chartam
1026 3357 1067 3422 de
1089 3359 1242 3445 plurimis
1253 3341 1404 3477 333de

193 3454 403 3520 libertatibus
419 3455 548 3542 qualem
571 3454 702 3542 exigere
724 3456 882 3522 volebant
897 3460 1102 3529 concedebat.
1142 3465 1241 3533 Unde
1253 3476 1333 3530 John.

193 3579 254 3623 rex
277 3563 311 3623 et
341 3560 451 3625 cuncti
480 3560 532 3624 sui
562 3581 709 3646 proceres
738 3560 781 3625 ad
803 3561 1010 3628 concordiam
1036 3565 1168 3633 fuerant
1191 3591 1242 3635 re·

194 3662 311 3727 vocati.
354 3662 438 3743 Ques
460 3663 632 3728 eoncordia
646 3662 733 3728 inita
755 3663 883 3730 diutius
904 3687 973 3732 non
988 3666 1143 3752 duravit3
1167 3694 1242 3739 curn

194 3764 283 3829 idern
306 3787 365 3830 rex
386 3766 534 3832 articulis
564 3766 600 3830 in
636 3766 727 3831 dicto
761 3769 966 3836 concessione
1000 3792 1100 3857 qnam
1122 3773 1243 3842 fecerat

194 3869 358 3935 contentis
388 3871 603 3935 contravenit.
651 3868 751 3936 Unde
782 3873 929 3937 maxima
949 3896 1025 3961 pars
1048 3885 1243 3964 magnatum
1256 3888 1376 3941 senem

194 3972 326 4060 Angliae
348 3972 487 4038 adunati
507 3972 628 4038 iterum
650 3977 768 4038 contra
790 3973 915 4040 dictum
930 3976 953 4041 J
955 3977 1118 4045 ohannem
1134 4005 1243 4070 regem
1256 3956 1402 4077 ffffigss„

194 4077 364 4163 insurgere
386 4077 522 4141 minime
548 4076 754 4143 differebant.
802 4077 870 4144 Sed
899 4102 1053 4166 guerram
1079 4106 1244 4153 resumen-

194 4187 253 4257 tes,
276 4180 423 4246 maneria
444 4178 536 4266 regia
566 4179 794 4266 depraedantes
816 4182 1047 4268 incendebant,
1070 4186 1243 4276 ipsumque

195 4305 306 4370 regem
327 4283 516 4348 Johannem
548 4305 692 4371 aragne
726 4289 761 4350 et
787 4285 948 4373 regimine
971 4289 1134 4378 expellere
1155 4300 1242 4360 sata

194 4388 327 4474 gabant.
381 4387 454 4452 Rex
485 4392 621 4453 econtra
655 4388 802 4475 undique
836 4388 1010 4457 bellatores
1040 4394 1242 4484 alienigenas

194 4492 231 4555 in
262 4490 313 4556 sui
337 4490 500 4555 auxilium
531 4490 742 4569 conducebat,
765 4491 815 4557 ita
837 4497 885 4571 ut,
908 4493 995 4560 infra
1028 4496 1128 4564 breve
1160 4505 1243 4565 tem-

195 4593 283 4682 poris
305 4593 528 4676 intervallum,
552 4616 611 4660 rex
635 4617 709 4660 curn
733 4594 801 4660 suis
824 4595 1017 4684 alienigenis
1039 4601 1243 4671 conductivis

195 4703 229 4765 et
251 4702 385 4764 econtra
406 4697 545 4764 barones
567 4697 661 4786 regni
683 4719 784 4786 regno
806 4698 939 4786 Angliae
961 4701 1094 4770 finalem
1113 4706 1242 4774 exitum
