3256 5692
371 775 440 842 432
653 787 828 841 uesanos
850 784 958 837 mass
979 785 1153 838 summus

203 971 459 1037 sn.1221tores
495 967 630 1032 idoneos
666 941 900 1053 comparerent,
933 962 1141 1030 concordiam
1172 960 1229 1026 vel
1256 959 1422 1046 judicium

202 1058 294 1105 ⁴²³⁵·
371 1075 558 1157 recepturae.
605 1068 689 1136 Cum
711 1090 788 1155 crgo
811 1074 923 1155 partes
957 1063 1146 1154 praedictae¹
1178 1065 1216 1129 in
1246 1062 1424 1151 praesentia

203 1145 360 1263 &mem
371 1173 536 1238 dictorum
559 1172 704 1259 priorum
726 1170 944 1237 eonstitutae⁸
973 1170 1122 1247 fuissent,
1146 1166 1314 1234 communi
1347 1186 1424 1230 con-

203 1280 247 1332 the
258 1280 357 1345 parties.
370 1297 469 1341 sensu
491 1280 526 1341 ct
556 1296 689 1340 assensu
720 1295 797 1360 pars
828 1279 978 1359 utraque,
1001 1274 1043 1338 ab
1076 1271 1167 1337 omni
1200 1269 1425 1335 controversia

371 1400 468 1465 super
498 1378 607 1465 garbis
638 1376 886 1463 prenominatis
911 1375 1068 1462 [cessans]
1093 1375 1348 1460 imperpetuum,
1371 1392 1424 1457 pe-

371 1481 462 1545 nitus
495 1485 530 1546 ct
560 1486 678 1567 sponte
712 1481 774 1545 snb
806 1480 866 1544 hac
898 1480 1004 1543 forma
1034 1476 1300 1556 concordabant3
1334 1474 1423 1560 quod

371 1584 453 1649 dieti
475 1584 612 1649 abbates
634 1588 668 1649 et
690 1588 873 1650 conventus
903 1579 978 1649 sui⁸
1009 1581 1050 1647 de
1072 1580 1227 1673 omnibus
1249 1579 1349 1646 terris
1372 1600 1423 1644 ac-

371 1685 503 1772 quisitis
525 1709 546 1752 a
566 1692 714 1772 tempore
737 1682 866 1754 concilii
889 1684 1120 1750 Lateraneneis
1134 1683 1188 1748 vel
1209 1683 1425 1770 imposterum

371 1789 584 1875 acquirendis,
612 1787 796 1874 dequibus
829 1788 1026 1874 praedictum
1057 1785 1217 1873 hospitale
1247 1783 1425 1873 praefatum

371 1891 540 1957 redditum
576 1890 755 1978 garbarum
788 1889 953 1979 percipere
988 1889 1168 1967 consuevit,
1207 1889 1248 1954 de
1282 1886 1425 1975 singulis

373 1995 497 2059 carneis
534 1993 623 2060 dicto
660 1993 817 2080 hospitali
854 1992 896 2058 de
934 1996 1051 2058 caetero
1088 1989 1216 2078 garbas,
1243 1990 1425 2055 seeundum

374 2096 599 2181 quantitatem
629 2102 792 2161 terrarum
825 2100 861 2161 et
897 2094 1170 2161 cousuetudinem
1207 2092 1427 2158 Eboraoausis

374 2199 472 2279 siriae,
496 2199 567 2265 sine
598 2197 714 2266 frande
747 2203 782 2264 et
816 2197 892 2262 dolo
915 2197 1139 2284 persolverent
1169 2196 1354 2273 annuatim,
1377 2199 1427 2272 nt,

374 2323 432 2387 per
454 2302 540 2367 hauc
561 2300 768 2379 solutionem,
783 2300 893 2386 quoad
915 2300 1128 2386 quaestionem
1145 2296 1333 2365 dianam*
1355 2319 1428 2384 gar·

374 2403 500 2480 barum,
522 2403 619 2469 liberi
641 2409 751 2470 essent
773 2403 815 2467 ab
838 2403 929 2469 omui
966 2401 1155 2482 vexatione,
1193 2399 1357 2487 petitione
1393 2405 1428 2464 et

373 2504 514 2589 querela,
536 2505 618 2569 dicti
640 2504 822 2591 hospitalis.
870 2504 993 2571 Unde⁵
1016 2503 1057 2569 de
1079 2504 1176 2569 terris
1198 2507 1278 2568 ante
1300 2502 1428 2568 dietum

374 2605 548 2671 concilium
571 2606 743 2690 acquisitis
765 2605 877 2692 garbae
900 2606 996 2672 nobis
1011 2610 1184 2673 remanent
1197 2625 1265 2670 non
1288 2604 1429 2684 solutae;

375 2711 410 2772 et
447 2707 488 2772 de
525 2707 622 2771 terris
659 2711 775 2792 postea
811 2707 982 2793 acquisitis
1019 2708 1139 2794 garbas
1177 2707 1336 2773 solvimus
1368 2728 1429 2792 pro

210 2825 330 2891 umploy-
375 2814 451 2875 rata
483 2802 670 2896 portionis⁶
725 2808 867 2874 Interim
888 2830 977 2891 vero,
1001 2809 1109 2880 dictus
1131 2809 1293 2877 Ricardus
1325 2808 1430 2874 abbae

210 2892 364 2944 mentorum
377 2916 488 2978 noster
520 2909 542 2981 7
572 2911 697 2998 incepit
733 2910 977 2997 aliquantulum
1021 2912 1221 2999 perpendere
1264 2912 1430 2977 versutias

210 2967 325 3011 convena

210 3027 238 3076 in
249 3027 357 3092 agricul-
377 3036 610 3081 conversorum
639 3019 837 3092 nostrorum,
870 3018 913 3095 et,
941 3014 1087 3101 ipsorum
1116 3015 1318 3102 proterviam
1347 3021 1431 3081 tem-

210 3094 365 3211 ffiffiiffl
378 3140 492 3204 perare
532 3121 694 3203 satagens,
726 3117 812 3203 ipsos
841 3115 954 3182 officiis
984 3118 1198 3183 servientium
1229 3118 1429 3205 deputavit,⁷

209 3228 293 3278 creos.
377 3228 413 3286 et
450 3243 505 3286 cos
543 3220 701 3285 custodiis
739 3240 922 3306 porcorum,
956 3218 1171 3297 animalium,⁸
1202 3225 1238 3286 et
1275 3221 1430 3307 operibus

377 3322 551 3390 carucariis
574 3319 731 3401 tradens‚⁹
763 3328 797 3388 et
830 3322 895 3387 alia
928 3322 1116 3410 hujusmodi
1151 3331 1250 3410 o'pera
1261 3322 1288 3360 ¹⁰
1318 3324 1431 3390 subire

378 3427 492 3511 coegit
538 3424 633 3489 Alios
663 3445 743 3488 vcro
774 3445 886 3489 eorum
915 3424 1061 3502 latomos,
1084 3426 1165 3496 alios
1195 3428 1431 3513 carpentarios,

378 3529 460 3593 alios
482 3526 649 3603 vitrifices,
665 3532 766 3612 atque
788 3526 870 3592 alios
892 3526 1094 3614 plumbarios
1116 3534 1150 3594 et
1173 3535 1292 3597 catera
1314 3530 1430 3615 hujus·

242 3666 280 3701 a..
378 3629 467 3694 modi
491 3628 674 3703 ordinabat,
690 3650 711 3691 a
733 3628 883 3694 custodia
905 3629 1048 3695 locorum
1063 3638 1097 3696 et
1111 3631 1325 3718 grangiarum
1339 3635 1431 3720 ipsos

412 3913 418 3942 ¹
437 3909 513 3960 After
531 3907 657 3974 prodiero
675 3908 762 3966 insert,
773 3908 879 3957 citaren-
901 3930 903 3959 =
926 3912 997 3960 terris
1016 3913 1179 3978 grangiarum
1191 3920 1332 3964 nostrarum
1350 3916 1430 3965 solvi-

378 3998 427 4050 tur,
444 3996 470 4038 et
486 3990 587 4039 abbates
604 3986 653 4051 ipsi
667 3987 699 4036 ad
715 3986 810 4036 cunam
827 3987 878 4036 Ro·
901 3978 903 3991 '
925 4005 980 4039 mus
1000 3992 1068 4041 dicto
1088 3992 1206 4057 hospitali
1224 4009 1268 4057 per
1287 3996 1343 4047 loca
1358 3995 1431 4047 ride·

378 4084 478 4117 manum
497 4067 534 4116 ire
552 4068 684 4116 taediosum
703 4081 758 4116 esse
776 4066 879 4116 arbitru-
925 4068 990 4129 licet,
1014 4071 1045 4119 de
1071 4071 1196 4122 frumento
1219 4077 1233 4120 5
1257 4080 1340 4123 travae
1362 4083 1390 4124 et
1413 4083 1429 4126 8

378 4156 473 4207 rentur,
485 4145 515 4196 P.
924 4149 1023 4211 garbas,
1034 4151 1065 4199 dc
1077 4151 1154 4201 ordeo
1165 4157 1180 4200 ἢ
1193 4159 1276 4202 traras
1295 4159 1322 4202 et
1340 4159 1355 4202 8
1367 4169 1429 4218 gnr-

411 4223 584 4288 ²constituroe]
615 4225 745 4275 constituti
767 4225 794 4273 in
818 4225 879 4273 both
924 4228 976 4285 bas,
989 4234 1015 4279 et
1026 4230 1057 4279 de
1068 4245 1149 4279 arena
1166 4235 1277 4280 btruvas
1293 4239 1320 4281 et
1337 4238 1352 4283 8
1369 4248 1429 4296 gar·

379 4303 455 4356 MSS.
924 4308 977 4364 bus,
989 4307 1017 4357 P.

412 4383 491 4449 ἐπι]
510 4380 625 4446 wanting
636 4382 663 4431 in
676 4383 705 4432 P.
958 4384 1122 4453 'depuaaq
1141 4390 1268 4451 deputare,
1279 4389 1309 4438 P.

411 4465 420 4494 ⁴
438 4460 569 4526 dictorum]
590 4460 720 4511 diotumiu
732 4460 788 4511 MS.
958 4466 1009 4513 θα
1028 4505 1035 4518 .
1053 4505 1060 4517 .
1078 4504 1084 4517 .
1101 4467 1256 4532 animalium]
1286 4470 1355 4521 uude
1383 4485 1429 4520 eos

411 4545 421 4572 ³
441 4541 524 4607 Unde]
544 4542 647 4593 Virtute
666 4539 738 4602 cuim
750 4539 875 4604 ⁰0¹ssl1⁰⁸¹²
924 4547 1014 4607 officia,
1026 4554 1053 4597 ut
1065 4547 1090 4595 in
1103 4541 1217 4598 atracia
1227 4561 1355 4611 pecorum,
1367 4548 1398 4598 P.

378 4623 463 4682 tionis,
474 4623 505 4674 P.
957 4630 967 4656 ⁹
985 4626 1096 4692 tradens]
1117 4629 1231 4692 wanting
1241 4628 1268 4677 iu
1281 4628 1310 4678 P.

413 4706 423 4732 ⁸
438 4704 513 4752 Aiter
524 4701 646 4768 portionis
657 4699 743 4760 insert,
755 4698 831 4748 Unde
847 4700 879 4748 de
958 4710 977 4738 ¹·
992 4707 1080 4772 opera]
1099 4709 1212 4774 wanting
1223 4708 1250 4757 in
1261 4708 1291 4758 P,
