3232 5692
532 823 632 876 insu
652 824 763 876 sauss
785 825 923 875 ramus
1208 813 1249 876 91

204 997 429 1064 Thomtonum
451 1003 502 1064 est
522 997 716 1064 tumulatus
762 995 831 1062 ιΕἰ
863 1019 936 1063 cum
967 997 1037 1083 ipse
1059 996 1197 1083 belliger
1218 1000 1255 1061 et
1267 1000 1293 1049 1⁸
1304 1016 1367 1081 pra·

204 1099 276 1165 dux
308 1102 470 1166 exercitus
506 1099 711 1186 temporibus
734 1098 902 1184 requisitis
934 1074 1111 1177 extitisset,
1147 1104 1180 1164 et
1218 1100 1253 1162 in
1266 1069 1395 1185 {ffifflt

204 1203 288 1266 mari
311 1202 554 1268 transfretando
576 1206 791 1286 tempestates
808 1206 987 1265 nocturnas
1009 1205 1043 1265 et
1065 1201 1254 1286 repentinus
1266 1203 1407 1264 seabythe

104 1324 110 1338 ·
203 1304 234 1368 ei
257 1306 388 1390 suisque
409 1304 618 1389 naufragium
640 1303 807 1368 minantes
829 1324 915 1389 saepe
936 1323 1107 1389 perpessus
1130 1302 1253 1378 fuisset,
1267 1282 1402 1386 ffiffi,

203 1407 326 1472 eisdem
358 1407 609 1494 tempestatibus
640 1405 879 1492 ingruentibus,
913 1412 1043 1470 noctem
1077 1427 1181 1492 usque
1211 1405 1255 1469 ad

204 1509 274 1594 ejus
305 1509 446 1574 modium
483 1509 545 1572 sub
587 1530 643 1595 spe
676 1509 860 1572 insomnem
897 1507 1087 1574 deducebat.
1144 1508 1255 1572 Media

204 1616 317 1676 autern
340 1619 435 1677 nocto
458 1611 612 1687 irruente,
637 1611 715 1695 quia
738 1609 888 1675 monachi
911 1610 963 1674 sui
985 1609 1101 1676 Sancti
1117 1611 1255 1675 Martini

204 1719 239 1778 et
261 1714 409 1778 canonici
441 1713 494 1778 sui
528 1713 568 1778 de
602 1712 795 1778 Thorntona
826 1712 870 1776 ad
903 1718 1080 1777 nocturnas
1123 1713 1255 1800 vigilias

203 1837 335 1903 surgere
358 1821 604 1892 consueverant,
637 1816 709 1879 sub‘
723 1814 923 1879 confidentia
945 1836 1076 1900 precum
1110 1816 1256 1903 ipsorum

205 1917 438 1983 monachorum
475 1923 511 1982 et
547 1918 787 1996 canonicorum,
832 1917 951 2002 spretis
993 1918 1255 2004 tempestatibus,

204 2019 349 2084 securius
372 2020 562 2085 dormiebat.
609 2019 705 2085 Circa
718 2018 933 2104 gallicantum
949 2019 1092 2103 quidem,
1116 2021 1256 2106 peractis

205 2123 438 2187 monachorum
462 2128 496 2186 et
519 2121 747 2186 canonicorum
770 2121 1003 2207 praediotorum
1026 2121 1159 2208 vigiliis,
1181 2145 1256 2187 cum

204 2224 379 2310 evigilaret
411 2225 472 2289 sub
505 2224 705 2288 confidentia
739 2224 926 2288 orationum
960 2223 1193 2289 monachorum
1215 2225 1256 2290 de

205 2326 299 2392 Valle
322 2327 385 2392 Dei
408 2331 443 2392 et
477 2327 518 2391 de
554 2325 666 2403 Melea,
689 2327 746 2411 qui
779 2327 852 2412 ipsa
885 2326 966 2391 hors
988 2328 1095 2392 noctis
1116 2327 1159 2391 ad
1181 2349 1256 2392 suas

204 2429 337 2516 vigilias
359 2430 460 2494 etiarn
483 2450 615 2514 surgere
644 2429 855 2508 festinarunt,
889 2429 1008 2515 spretis
1031 2430 1150 2495 iterum
1173 2435 1257 2496 tem·

204 2532 397 2618 pestatibus,
420 2532 490 2597 sive
506 2531 697 2595 dormiendo
712 2532 782 2596 sive
797 2530 976 2617 vigilando,
1000 2532 1089 2597 diem
1112 2533 1257 2598 securius

204 2631 419 2720 expectabat.¹
465 2633 615 2698 Hawisia
637 2655 716 2699 vero
738 2633 807 2697 filia
828 2634 932 2718 ipsius
965 2632 1160 2714 Willielmi,2
1181 2640 1257 2723 post

204 2740 345 2801 mortem
381 2735 486 2822 patris
520 2735 579 2813 sui,
615 2734 695 2799 data
717 2741 768 2800 est
800 2756 858 2821 per
881 2757 991 2822 regern
1024 2737 1164 2822 Angliae,
1199 2739 1256 2824 qui

203 2838 407 2924 temporibus
436 2836 502 2902 illis
540 2834 739 2915 exstiterat,³
772 2819 878 2902 nobili
899 2839 973 2902 viro
1003 2837 1180 2904 Willielm0
1215 2840 1256 2905 de

206 2939 418 3004 Mandavilla.
474 2938 549 3016 Sed,
580 2940 652 3027 ipso
687 2944 819 3004 mortuo
852 2941 923 3004 sino
945 2940 1064 3006 herede
1087 2962 1130 3006 ex
1151 2943 1256 3029 ipsis*

204 3047 381 3128 procreato,
404 3042 484 3106 data
505 3047 557 3106 est
578 3042 700 3107 iterum
717 3041 807 3106 dicta
830 3041 981 3105 Hawisia
1003 3042 1194 3112 Baldewiuo
1216 3044 1257 3109 de

205 3145 337 3230 Betoyn
370 3143 484 3209 comiti
517 3143 649 3222 Insulae,
684 3143 725 3207 de
759 3141 846 3228 qua⁵
868 3145 994 3229 accepit
1023 3166 1124 3208 unum
1153 3145 1257 3209 filiam

204 3252 344 3311 tanturn
391 3246 473 3326 Quae
495 3246 566 3310 filia
596 3245 754 3309 maritata
783 3245 995 3311 mareschallo
1017 3247 1148 3333 Angliae
1178 3257 1258 3312 tuno

204 3348 388 3427 exsistenti,
421 3346 512 3434 prole
545 3368 611 3411 nou
646 3346 816 3432 producta,
847 3347 992 3413 animam
1038 3349 1109 3413 Deo
1143 3371 1258 3436 corpus

204 3454 302 3516 terrae
324 3448 584 3516 commendabat.
641 3449 795 3513 Mortuus
828 3457 881 3514 est
912 3451 1015 3515 etiam
1047 3450 1117 3537 ipse
1140 3451 1426 3569 Bure-ppetuu

205 3553 313 3617 winus
335 3552 375 3617 de
398 3552 551 3638 Betoyn3
574 3556 608 3617 et
631 3550 791 3629 Hawisia,
815 3573 874 3637 per
903 3556 1103 3638 praeoeptum
1132 3553 1258 3619 domini
1271 3523 1422 3638 {bug-³³⁰*

206 3655 301 3741 regis,
317 3653 443 3740 accepit
458 3654 615 3719 maritum
630 3654 848 3720 Willielmum
864 3654 905 3719 de
921 3653 1079 3720 Fortibus
1105 3653 1258 3742 primum,

205 3762 240 3823 et
270 3756 393 3822 habuit
423 3778 465 3821 ex
499 3777 538 3821 ea
572 3756 786 3821 Willielmum
821 3756 862 3822 de
884 3756 1041 3823 Fortibus
1069 3759 1256 3825 secundum.

207 3859 281 3939 Qui,
311 3859 435 3924 habens
472 3856 634 3936 uxorem,⁶
663 3860 788 3945 accepit
826 3882 869 3924 ex
899 3859 958 3925 ee⁷
981 3859 1195 3926 Willielmum
1218 3862 1258 3927 de

205 3963 358 4028 Fortibus
372 3962 517 4029 tertium
564 3963 630 4044 Qui
652 3962 750 4027 duxit
765 3984 910 4042 uxorem,
928 3962 1102 4029 Isabellam
1117 3965 1258 4044 nomine,

204 4065 308 4131 filiam
330 4065 460 4131 comitis
493 4065 616 4131 Insulae
647 4070 683 4132 ot
717 4064 900 4144 Devoniae‚⁸
929 4088 972 4131 ex
1004 4088 1072 4153 qus
1104 4067 1191 4133 filios
1223 4075 1258 4134 et

240 4319 246 4349 ¹
264 4317 329 4368 This
352 4318 431 4367 entire
451 4331 566 4382 passage,
583 4316 649 4368 from
668 4317 708 4367 Et
792 4319 802 4347 ⁸
817 4317 895 4367 Alter
913 4334 1008 4367 uxorem
1021 4318 1106 4379 insert,
1121 4318 1259 4371 Arelinsm

206 4414 258 4446 cum
269 4405 295 4448 to
306 4395 457 4462 expectabat,
468 4397 490 4446 is
501 4397 614 4462 wanting
625 4396 652 4446 in
664 4396 693 4448 P.
758 4395 871 4459 nomine,
881 4395 960 4446 filiam
981 4397 1073 4447 nobilis
1084 4397 1134 4447 riri
1154 4399 1259 4450 Ricardi

239 4474 537 4542 ²Willielmr]·wsnting
548 4476 576 4525 iu
587 4476 618 4527 P.
758 4477 789 4526 de
800 4474 947 4536 Monfichet,
958 4475 988 4527 P.

240 4554 404 4620 ἀπῖκται]
424 4554 556 4625 existebat,
566 4555 597 4605 P.
792 4554 895 4604 ’After
906 4571 935 4603 ea
946 4554 1026 4606 insert
1035 4554 1124 4616 libam,
1135 4557 1165 4608 P.

240 4636 248 4664 ⁴
265 4651 296 4684 er
307 4634 380 4699 ipsu]
400 4635 432 4684 de
442 4649 546 4698 corpore
557 4649 610 4697 suo,
621 4634 651 4687 P.
792 4635 802 4662 ⁸
818 4641 841 4683 et
851 4632 983 4701 Deroaioe]
1002 4635 1115 4702 vanung
1124 4635 1151 4686 in
1163 4636 1210 4699 P.;
1226 4653 1259 4687 un

239 4712 327 4780 ’Μ
346 4713 541 4780 wmtinginl‘.
759 4710 884 4764 insertion
896 4712 965 4765 inlr.
