3232 5692
315 755 381 821 298
570 763 785 819 mmm
804 763 917 819 ABBAS
937 764 1105 831 numus.

147 947 217 1000 nn.
232 954 294 1001 1197
317 940 378 1009 hoc
400 966 421 1009 a
450 942 526 1011 sede
549 942 727 1031 apostolica
749 942 792 1007 ad
818 941 949 1029 judices
979 943 1146 1031 delegatos
1168 943 1367 1031 impetratis,

145 1022 288 1161 {azgon
316 1046 422 1113 traxit
444 1069 520 1113 eum
542 1046 645 1113 abbas
668 1051 780 1111 noster
801 1044 839 1110 in
861 1066 1013 1128 causam
1036 1046 1145 1113 unde¹
1173 1047 1243 1113 litis
1263 1047 1368 1113 alter-

148 1164 272 1230 nansng
316 1149 403 1214 catio
426 1170 535 1215 coram
560 1144 757 1236 judicibus²
779 1146 846 1213 fere
879 1168 939 1234 per
959 1147 1132 1214 biennium
1162 1148 1367 1237 perduravit

149 1230 279 1374 {alipii-
316 1251 472 1333 Tandem,
506 1257 580 1340 post
615 1250 737 1316 multos
771 1250 900 1316 labores
932 1256 968 1317 et
1005 1273 1166 1340 expensas
1197 1254 1367 1341 plurimas,

147 1375 209 1430 son.
316 1376 374 1441 per
396 1376 542 1421 annuam
576 1351 791 1443 pensionem⁸
813 1352 917 1418 trium
940 1375 1126 1421 marcarum
1154 1356 1260 1423 abbas
1290 1378 1368 1423 nos-

316 1455 389 1523 ter⁴
412 1480 486 1524 cum
520 1478 558 1522 eo
586 1456 644 1520 *in
675 1455 820 1543 capitulo
849 1456 981 1522 nostro'
990 1455 1004 1493 ⁶
1037 1479 1152 1544 pacem
1183 1458 1269 1538 fecit
1292 1460 1367 1526 red·

316 1560 426 1627 dendo
447 1560 548 1626 etiam
571 1559 714 1625 decimas
748 1558 889 1624 duarum
912 1565 1141 1627 carucatarum
1163 1566 1261 1630 terrae
1283 1584 1368 1650 quas

316 1662 357 1730 de
385 1660 650 1749 archiepiscopo⁶
672 1660 840 1740 evicimus,
871 1660 899 1726 si
922 1666 1036 1728 tumen
1067 1663 1194 1750 aliquid
1227 1686 1269 1730 ex
1300 1664 1368 1730 illis

315 1766 454 1853 propriis
485 1763 637 1829 manibus
670 1768 729 1828 aut
759 1762 948 1850 sumptibus
970 1764 1193 1847 coleremus3⁷
1216 1766 1367 1853 plurimis

315 1875 426 1935 tamen
463 1867 633 1934 monachis
670 1866 865 1951 absentibus
903 1871 939 1933 et
976 1867 1129 1955 plurimis
1167 1891 1188 1934 a
1221 1869 1366 1956 capitulo

314 1993 349 2037 se
371 1968 618 2038 retrahentibus
641 1971 676 2034 et
701 1968 973 2049 reclamantibus,
1000 1971 1057 2036 sed
1086 1969 1197 2058 prius⁸
1219 1973 1254 2036 in
1277 1973 1365 2060 capi-

315 2073 386 2139 tulo
423 2071 668 2160 appellantibus
702 2075 737 2136 et
769 2092 877 2136 coram
911 2072 983 2159 ipso
1016 2072 1140 2140 abbate
1174 2072 1366 2141 Alexandro

314 2175 569 2263 appellationem
592 2172 800 2240 iterantibus.
845 2172 880 2237 N
881 2195 917 2239 eo
932 2173 1109 2261 quicquam
1123 2176 1219 2241 nobis
1240 2176 1367 2263 profuit

315 2279 413 2367 quod,
437 2283 585 2365 tempore
611 2276 887 2364 praedecessorum
913 2297 1047 2343 suorum
1072 2276 1107 2344 P.
1123 2278 1155 2345 S.
1179 2284 1214 2345 et
1236 2279 1366 2366 Rogeri,

315 2402 527 2469 personarum
556 2379 701 2445 ecclesiae
731 2377 772 2444 de
806 2377 983 2466 Waghna,⁹
1017 2401 1075 2466 per
1105 2402 1252 2446 annuam
1284 2403 1367 2469 pen-

315 2486 439 2550 sionem
452 2481 477 2519 ¹⁰
500 2482 643 2547 duarum
665 2480 827 2546 librarum
851 2502 934 2547 cereo
961 2503 1072 2547 eoram
1093 2481 1264 2570 judicibus
1279 2483 1367 2551 dele-

314 2587 402 2676 gatis
424 2583 618 2673 compositio
641 2584 727 2649 inita
757 2589 808 2650 est
841 2584 929 2650 inter
956 2587 1193 2653 monasterium
1214 2592 1366 2654 nostrum

315 2694 350 2755 et
376 2687 549 2777 praefatam
579 2687 755 2763 ecclesiam,
783 2692 857 2752 turn
887 2688 967 2772 quia
993 2694 1140 2776 tompore
1163 2691 1244 2757 dicti
1265 2691 1367 2758 Alex·

315 2792 412 2858 andri
434 2788 599 2857 abbatis¹¹
625 2790 759 2856 ecclesia
781 2789 968 2877 Anglioana
990 2790 1168 2859 interdicto
1190 2801 1262 2860 erat
1290 2816 1366 2882 sup-

316 2895 424 2983 posita
446 2900 481 2961 et
503 2916 599 2961 omne
617 2893 674 2980 jus
692 2893 948 2959 ecclesiasticum
971 2900 1043 2961 erat
1065 2896 1267 2984 languidum,
1290 2902 1366 2963 tum

316 2999 394 3086 quia
420 2999 489 3086 ipse
512 2997 685 3083 Philippus
711 3001 830 3081 potens
853 3001 924 3062 erat
948 3002 983 3063 et
1005 2999 1202 3065 senescallus
1225 2999 1367 3083 comitis,

315 3102 400 3168 sicin
426 3102 498 3188 jarn
532 3101 659 3165 dictum
692 3103 750 3164 est.
808 3098 858 3165 De
889 3099 1019 3164 damnis
1049 3123 1128 3167 vcro
1158 3106 1193 3167 ct
1214 3103 1366 3189 expensis

314 3202 482 3269 occasione
504 3201 603 3287 hujus
626 3200 857 3266 controversiae
872 3201 1066 3268 altrinsecus
1087 3203 1190 3270 illatis
1212 3205 1367 3271 convenit

315 3307 401 3371 inter
424 3310 536 3392 partes
563 3304 652 3390 quod
676 3300 796 3369 dioti¹²
822 3302 924 3368 abbas
947 3310 982 3370 ct
1008 3304 1180 3394 Philippus
1205 3308 1366 3396 eligerent

315 3414 382 3474 tres
404 3407 557 3484 arbitros
580 3404 747 3471 communi
772 3425 941 3486 consensu,
969 3408 1028 3492 qui
1059 3409 1231 3496 utriusque
1260 3411 1367 3497 partis

315 3509 500 3597 superbiis
523 3512 625 3574 testes
648 3507 875 3586 admitterent,
899 3513 943 3588 et,
966 3510 1090 3575 auditis
1113 3533 1223 3578 eorum
1245 3512 1366 3600 allega

316 3613 463 3679 tionibus
493 3617 528 3677 ct
560 3609 753 3686 rationibus,
786 3630 919 3674 oausam
948 3611 1077 3697 judicio
1106 3613 1159 3679 vel
1193 3616 1366 3680 eoncordia

315 3716 541 3781 terminarent.
589 3712 655 3778 Sed
693 3711 792 3798 hujus
825 3710 967 3778 causae¹³
999 3715 1109 3780 exitus
1146 3717 1279 3804 penitus
1317 3719 1365 3805 ig-

306 3825 460 3886 noratur.
521 3816 586 3881 Sod
624 3820 737 3879 tamen
782 3811 931 3900 postca¹⁴
969 3816 1129 3902 prraediota
1173 3819 1366 3907 compositio

321 3968 454 3976 ·-————

349 4044 355 4073 ¹
375 4040 450 4107 uarie]
464 4056 520 4106 qum
532 4039 640 4105 quidem,
653 4038 684 4089 Ρ.

348 4124 357 4152 ²
374 4138 455 4170 corum
461 4119 602 4186 judicibes]
616 4118 729 4183 wanting
740 4117 767 4168 in
779 4117 807 4168 P.
864 4119 978 4185 wanting
989 4119 1016 4170 in
1027 4121 1057 4170 P.

349 4203 359 4231 ⁸
371 4200 522 4265 pensionem]
536 4213 667 4255 canonem,
678 4197 708 4246 P.
897 4200 915 4229 ¹⁰
929 4200 1080 4266 pensionem]
1093 4215 1224 4263 canonem,
1235 4203 1265 4253 P.

348 4282 357 4310 ⁴
375 4279 468 4345 noster]
482 4278 594 4342 wanting
606 4277 631 4326 in
643 4277 672 4326 Ρ.
897 4278 912 4308 '¹
932 4286 1050 4343 tenpore.
1068 4316 1074 4329 .
1090 4278 1219 4348 ‚addedd
1230 4291 1291 4333 tunc
1303 4288 1365 4333 tem·

348 4362 358 4390 ³
376 4361 400 4408 in
412 4356 620 4425 capitulanoetro]
630 4354 743 4419 wanting
752 4353 779 4404 in
787 4355 817 4405 1‘.
862 4355 937 4420 poris,
948 4357 979 4408 Ρ.

347 4442 357 4470 ⁸
374 4438 568 4505 archiepiscopo]
599 4435 701 4486 domino
723 4436 817 4487 Ebora·
895 4436 913 4465 ¹²
930 4435 1002 4502 dmin]
1017 4438 1129 4506 wanting
1140 4439 1167 4489 iu
1177 4440 1207 4491 P.

315 4519 393 4582 censi,
406 4519 435 4568 P.
895 4516 914 4546 ¹¹
929 4516 1024 4582 cesso]
1038 4518 1082 4579 rei,
1094 4518 1125 4569 P.

348 4596 515 4663 'coleremua]
528 4594 719 4657 excoluerimus,
729 4594 759 4646 P.
895 4595 913 4624 ¹¹
926 4597 1027 4662 posteo]
1055 4602 1166 4663 tempore
1186 4598 1282 4652 domini
1299 4600 1365 4654 wil·

347 4683 357 4708 ¹¹
371 4677 460 4745 prius]
474 4682 556 4739 antea,
567 4676 597 4728 P.
862 4672 941 4727 liclni
951 4674 1049 4729 abbatis
1060 4682 1084 4737 9,
1095 4677 1126 4731 Ρ.
