3256 5692
374 763 439 824 240
673 777 811 826 raonis
834 775 940 825 asans
962 776 1115 825 marrus.

371 1091 449 1159 Cae.
475 1091 513 1156 X.
537 1092 585 1157 Dc
608 1091 812 1157 intromittis
834 1091 926 1157 inter
960 1113 1070 1174 repam
1093 1090 1261 1169 Francia,
1285 1091 1412 1157 Heari-

459 1216 538 1259 cum
552 1216 661 1278 repam
675 1193 826 1278 Almia,
843 1200 872 1258 et
887 1192 1082 1257 Ricardum
1088 1191 1215 1276 filiam
1230 1215 1362 1272 sauram
1377 1193 1415 1261 de

457 1295 640 1360 (amissione
672 1293 896 1380 pomerariam
930 1299 1101 1358 terraram
1131 1292 1221 1376 rapis
1250 1280 1413 1379 Ascylte·

458 1397 498 1462 de
536 1395 760 1462 aomhvstioae
794 1393 1037 1460 Cenoma-onice
1074 1400 1104 1459 et
1140 1393 1235 1460 obita
1265 1394 1414 1462 Hearici

459 1498 553 1584 repis.

204 1662 349 1716 All-118⁷
416 1661 508 1726 Tunc
541 1659 675 1746 quidem
708 1680 768 1723 rex
800 1658 965 1724 Hearicus
998 1658 1123 1738 infelix,
1154 1659 1212 1744 qui
1244 1680 1416 1746 nunquam

202 1735 335 1860 fflos
371 1763 463 1848 prius
494 1761 649 1848 quicquid
687 1761 852 1839 amiserat,
886 1761 956 1846 jam
990 1761 1191 1836 Alverniam,
1225 1761 1416 1840 Bituricam,

204 1876 333 1941 Henryin
371 1864 552 1930 Castellum
586 1863 742 1927 Radhulfi
781 1885 855 1927 cum
892 1862 1051 1927 comitatu
1086 1867 1121 1926 et
1158 1862 1347 1941 Ysoudona,
1383 1872 1417 1931 et

204 1943 309 1993 manee.
371 1967 515 2053 quinque
547 1966 723 2030 comitatus
753 1965 788 2028 in
813 1965 1247 2051 Caorysin,coutrarcgen1
1272 1966 1416 2032 Francia

367 2067 439 2151 jam
462 2067 630 2153 perdebat.
678 2066 728 2131 At
750 2066 821 2152 ipse
835 2088 893 2130 rex
909 2065 1084 2142 HearicuS,
1102 2065 1293 2151 Philippum
1310 2089 1417 2154 regem

204 2179 223 2231 f.
236 2184 277 2231 aa
373 2169 521 2235 Franciae
559 2169 620 2233 sibi
660 2169 776 2233 volens
814 2168 990 2253 pacificare,
1029 2167 1127 2253 petiit
1159 2190 1180 2231 a
1217 2168 1307 2234 dicto
1343 2191 1417 2257 rege

205 2274 353 2352 Hessksin
372 2270 520 2337 Franeiae
543 2270 684 2357 puellam
701 2271 804 2334 filiam
828 2269 909 2333 dicti
931 2270 1027 2357 regist,
1044 2269 1084 2334 de
1100 2291 1164 2354 qua
1186 2271 1417 2355 praescribitur,

204 2356 350 2456 ffiffi„
372 2395 437 2457 qua
474 2379 508 2437 et
544 2374 616 2458 ipse
647 2372 769 2436 abusus
806 2371 922 2447 fuerat,
957 2371 1000 2435 ad
1033 2392 1114 2457 opus
1151 2370 1214 2433 filii
1250 2373 1311 2452 sui,
1344 2394 1417 2438 cum

205 2472 357 2538 uemugh-
371 2475 582 2539 comitatibus
614 2475 771 2538 Pictaviae
803 2479 836 2537 et
859 2473 1071 2558 Andegaviae.
1129 2472 1195 2537 Sed
1225 2495 1285 2537 rex
1315 2474 1417 2540 Fran-

205 2538 298 2669 {irffifjss
373 2597 484 2639 corum
507 2580 634 2659 spretas
656 2575 755 2660 hujus
786 2574 960 2659 legationis
993 2575 1121 2639 litteras
1152 2577 1339 2642 transmisit
1361 2577 1417 2641 Ri-

379 2676 478 2739 cardo
494 2676 606 2739 comiti
621 2676 816 2752 Pictavensi,
833 2675 902 2738 filio
926 2675 1006 2740 dicti
1030 2675 1175 2753 Henriei,
1192 2677 1417 2763 inspiciendas

206 2787 302 2838 Hatred
374 2776 582 2863 Quapropter
615 2777 771 2842 horribile
814 2777 928 2841 odium
959 2778 1047 2842 inter
1080 2786 1209 2863 patrem
1243 2783 1279 2843 et
1312 2781 1418 2845 filium

206 2856 360 2985 ffi'rssfflnd
373 2886 423 2944 est
457 2885 618 2945 exortum.
677 2879 749 2943 Rex
781 2885 893 2943 autem
926 2879 1071 2944 sentiens
1104 2877 1236 2964 regem¹
1270 2882 1418 2947 nondum
1429 2897 1543 3015 gffip

204 2987 323 3038 Richard·
372 2982 437 3045 sibi
460 2983 632 3068 placatum,
656 2980 826 3065 filiumque
858 3002 953 3044 suum
978 2981 1154 3044 Ricardum
1177 2981 1213 3044 in
1236 3004 1312 3048 eum
1335 2985 1419 3050 velle

204 3066 353 3183 {fffflnd
372 3085 456 3149 hanc
487 3084 643 3168 injuriam
677 3084 855 3162 vindicare,
880 3084 914 3146 in
940 3083 1057 3148 urbem
1079 3082 1292 3168 fortissimam
1316 3086 1419 3152 Ceno-

205 3200 314 3277 besiege'
371 3187 515 3251 mannire
549 3208 583 3249 se
621 3187 750 3271 recepit.
812 3186 885 3263 Quo
920 3192 1158 3248 convenientibus
1190 3192 1306 3250 contra
1344 3211 1417 3254 eum

205 3265 296 3382 {2¹1¹ss
307 3281 334 3314 ¹¹¹
372 3289 525 3373 Philippo
548 3312 619 3364 rege
639 3295 769 3350 Franciae
804 3293 838 3350 et
861 3284 1003 3350 Ricardo
1027 3285 1095 3349 filio
1118 3308 1177 3350 suo
1200 3298 1306 3353 comite
1324 3299 1420 3355 Picta

205 3369 464 3474 Burniiigofvensi,
493 3415 543 3450 rex
567 3386 731 3450 Henricus
755 3397 825 3450 fecit
852 3394 1026 3449 suburbium
1048 3387 1195 3451 civitatis
1218 3399 1359 3454 succendi
1383 3400 1420 3455 ad

205 3476 320 3542 thecity·
372 3503 523 3565 cautelam,
543 3520 579 3555 ne
597 3503 730 3557 hostibus
763 3489 829 3552 suls
865 3503 939 3555 soret
957 3503 993 3556 ad
1018 3504 1205 3573 presidium
1232 3504 1284 3559 sed
1306 3499 1421 3558 tamen

372 3595 417 3647 vis
436 3593 516 3647 venti
534 3598 644 3645 retorta
661 3593 806 3647 convertit
823 3594 970 3647 flammam
988 3595 1019 3647 in
1037 3595 1140 3649 urbem
1168 3602 1198 3650 et
1224 3601 1315 3650 totam
1343 3611 1421 3649 com·

205 3696 317 3760 Henry's
372 3691 476 3755 bussit,
496 3708 656 3761 regemque
680 3677 862 3741 Henricum
885 3691 963 3744 exire
982 3693 1088 3760 coegit.
1135 3693 1192 3761 Qui
1210 3694 1240 3747 in
1257 3692 1423 3748 recedendo

206 3764 360 3828 b¹⁸⁸Phemy'
373 3783 460 3847 inter
482 3782 548 3846 alia
571 3794 660 3847 dixit:
684 3795 702 3817 ‘⁶
714 3791 789 3859 Quia
805 3798 847 3856 tu,
864 3793 953 3861 Deus,
968 3797 1070 3851 urbem
1084 3798 1119 3852 de
1131 3799 1239 3852 mundo
1252 3799 1423 3869 quamplura

375 3889 393 3911 ‘¹
414 3885 502 3939 dilexi
520 3904 538 3940 a
555 3904 602 3940 me
620 3886 706 3939 hodie
724 3892 785 3939 tarn
803 3887 930 3957 turpiter
958 3889 1117 3954 abstulisti,
1138 3907 1193 3959 ego
1217 3891 1272 3944 tibi
1297 3890 1424 3945 reddam

375 3974 393 3995 “
413 3970 560 4025 talionem.
597 3971 674 4024 Nam
687 3969 723 4023 do
736 3976 843 4023 caetcro
863 3972 993 4026 auferam
1012 3980 1075 4027 ate
1094 3974 1124 4027 id
1143 3974 1220 4043 quod
1238 3976 1269 4027 in
1286 3991 1335 4028 me
1354 3974 1424 4046 plus

206 4056 342 4130 Hefalls‘
374 4070 392 4093 ‘⁶
412 4068 466 4123 tibi
484 4068 600 4140 placere
628 4067 757 4131 deberet,
778 4067 857 4137 quod
883 4075 927 4123 cst
954 4087 1003 4123 cor
1030 4069 1160 4124 meum.’'
1208 4057 1254 4121 Et
1286 4058 1345 4143 qui
1379 4058 1423 4123 de

204 4147 360 4263 {ffssessssssm
372 4159 522 4223 hostibus
556 4160 623 4224 suis
656 4181 783 4244 semper
816 4159 1022 4245 triumphare
1060 4165 1284 4238 consueverat,
1318 4160 1422 4225 vehe-

205 4287 232 4329 to
240 4282 360 4330 conclude
373 4261 478 4325 menti
501 4261 638 4324 tristitia
660 4260 796 4324 affectus
828 4267 862 4324 et
888 4269 996 4326 tactus
1019 4263 1129 4327 dolore
1152 4262 1361 4338 intrinsecae,
1384 4262 1423 4326 in

205 4362 307 4461 25¹3?oe
373 4363 516 4427 subitam
550 4361 782 4447 aegritudinem
815 4362 995 4429 decidebat.
1048 4372 1175 4426 Domum
1201 4410 1209 4427 .
1237 4410 1244 4426 .
1274 4411 1280 4425 .
1312 4370 1424 4442 .apud

205 4478 297 4543 Philip.

736 4659 742 4688 ¹
760 4658 849 4723 repom]
868 4657 936 4722 regis
947 4657 974 4707 in
985 4657 1043 4711 MS.
