3256 5692
367 806 430 870 196
625 817 811 867 rnrnrrrus
834 816 942 865 susas
965 817 1153 867 suesanus

199 1012 269 1063 an.
283 1016 354 1063 1170.
367 1009 440 1051 mm
477 984 658 1071 impetitur,
698 986 767 1072 ipse
805 984 848 1049 ad
884 990 1007 1050 terram
1043 986 1277 1072 prosternitur,
1323 1007 1408 1053 samu
1436 1062 1441 1073 ⁵

367 1090 483 1177 eapitis
514 1111 632 1155 corona
665 1088 861 1175 praeciditur,
885 1088 1053 1154 cerebrum
1088 1089 1257 1176 excipitur
1290 1092 1325 1156 et
1355 1112 1408 1179 per

369 1193 509 1259 ecclesiae
547 1192 775 1278 pavimentum
807 1191 1026 1279 dispergitur3
1064 1198 1100 1258 et
1132 1193 1189 1269 sie,
1212 1196 1235 1257 4
1256 1192 1409 1259 kalendas

370 1296 394 1361 J
396 1296 523 1361 anuarii
553 1317 639 1360 anno
662 1294 799 1359 Domini
824 1293 920 1374 11'70,
942 1300 1070 1382 martyr
1085 1292 1231 1361 Domino
1253 1316 1411 1363 consecre-

203 1418 336 1468 Themer-
371 1405 435 1465 tur.
482 1398 565 1463 Inde
588 1397 721 1483 quidem
744 1397 863 1483 egressi
885 1396 1065 1483 gloriantes
1087 1398 1271 1479 homicidae,
1300 1398 1503 1479 insignem

203 1488 287 1536 dm
371 1510 488 1582 regium
513 1509 713 1571 acclamantes,
734 1505 772 1561 ad
796 1506 937 1576 palatium
962 1507 1093 1563 ecclesiae
1118 1509 1251 1580 regressi
1273 1506 1363 1577 sunt,
1384 1514 1484 1596 stopa

203 1552 296 1616 punge

204 1619 247 1668 the
259 1617 331 1668 mh.
371 1622 424 1674 por
443 1603 520 1657 mdes
538 1609 569 1658 et
588 1601 715 1656 officinas
741 1598 939 1655 discurrentes
959 1600 1100 1671 quiequid
1117 1602 1263 1673 optimum
1280 1603 1313 1658 in
1332 1620 1407 1667 sure,

204 1684 317 1748 bl⁸h⁰lf⁸
372 1700 502 1765 argento,
522 1693 664 1757 vestibus,
684 1692 773 1754 vasis,
801 1682 901 1760 libris,
925 1684 1057 1766 charti8‚
1080 1685 1266 1774 privilegiis
1287 1692 1324 1753 et
1343 1686 1410 1752 ullis

204 1752 359 1869 {ffitssoet
371 1787 467 1851 rebus
500 1786 708 1863 invenerunt,
731 1789 906 1854 crudeliter
928 1793 1086 1864 depraedati
1099 1801 1184 1862 sunt;
1208 1794 1244 1854 et
1265 1790 1345 1856 inde
1364 1788 1409 1854 di·

205 1883 359 1999 fflsssl'md
371 1893 537 1954 vertentes
570 1888 657 1974 apud
690 1898 832 1956 castrum
866 1889 908 1955 de
931 1886 1080 1953 Saltwod
1113 1896 1357 1975 pernoctarunt,
1377 1899 1409 1957 et

205 1958 258 2000 cast
267 1968 288 2002 e.
372 1997 533 2078 quantum
555 1992 693 2076 quisque
725 1993 875 2059 saevisset
909 1991 944 2054 in
977 1988 1135 2074 majorem
1157 1991 1194 2055 in
1215 1992 1409 2059 alterutrum

372 2095 563 2161 retulerunt.
620 2095 692 2160 Hoc
723 2096 855 2181 quidem
890 2114 975 2158 unus
997 2113 1110 2157 eorum
1132 2105 1279 2174 poenitens
1301 2118 1341 2162 ae
1361 2102 1500 2162 monae

373 2200 508 2270 episcopo
538 2198 678 2252 confitens
707 2238 714 2252 .
744 2239 750 2252 .
780 2197 958 2258 .revclarit‚
990 2195 1070 2265 quod
1098 2195 1157 2267 ipsi
1186 2198 1270 2268 prius
1301 2169 1515 2301 “dmm

372 2283 468 2337 animo
486 2288 516 2336 et
533 2282 617 2352 quasi
636 2300 703 2336 cum
722 2282 846 2353 quodam
871 2279 1017 2335 accidenti
1044 2279 1173 2350 tripudio
1191 2281 1229 2336 ed
1248 2283 1343 2339 sancti
1358 2284 1503 2355 virifflm

205 2382 285 2431 Their
295 2384 354 2433 gub.
372 2366 608 2420 acceleraverunt
626 2365 810 2430 occisionem,
826 2364 878 2420 sed
895 2381 962 2418 mox
979 2368 1094 2433 patr-ate
1112 2363 1235 2434 flagitio,
1249 2366 1282 2421 in
1298 2384 1410 2424 recessu

204 2458 308 2512 sequent
373 2467 434 2511 suo,
462 2450 546 2518 quasi
574 2449 708 2504 tremulis
736 2449 798 2519 jorn
829 2455 860 2503 et
883 2446 1083 2502 tremebundis
1108 2446 1266 2504 videbatur
1292 2452 1409 2525 singulis

194 2514 308 2609 '¹¹5⁸le
372 2532 478 2603 quibus
496 2530 668 2586 incedebant
685 2533 830 2602 passibus,
852 2539 930 2587 terra
948 2531 1031 2602 quasi
1043 2536 1147 2602 apertu
1164 2537 1195 2587 et
1212 2534 1298 2605 quasi
1315 2542 1410 2607 parete

372 2626 408 2680 ad
427 2626 505 2696 ipsos
523 2624 605 2679 vivos
624 2625 828 2681 absorbendos.
867 2616 937 2701 Ipsi
959 2621 1071 2680 autern
1094 2615 1224 2696 militet,
1248 2620 1501 2721 recognitoQfllfl-

372 2741 483 2783 eorum
505 2717 643 2803 piaculo,
663 2727 721 2782 cito
733 2734 799 2798 post
816 2733 965 2798 patratum
976 2726 1132 2797 flagitium,
1145 2729 1259 2785 relictis
1271 2730 1408 2795 omnibns,
1418 2712 1438 2762 μ
1448 2700 1482 2744 ¹⁵⁴

372 2820 593 2875 lherosolimam
611 2820 736 2890 profecti
755 2820 903 2889 publicam
920 2819 1121 2890 poeniteutiam
1138 2830 1328 2892 peregerunt.
1359 2824 1409 2895 Qui

371 2911 470 2959 tamen
497 2922 596 2959 omnes
620 2905 682 2958 lere
710 2904 789 2958 infra
813 2903 973 2958 tricrmium
992 2944 998 2956 .
1019 2942 1026 2958 .
1046 2944 1052 2958 .
1072 2904 1102 2956 in
1120 2922 1192 2959 vcra
1215 2912 1246 2962 et
1269 2908 1412 2965 fructuose

373 2997 449 3053 sieut
466 2997 596 3052 creditur·
616 3036 622 3050 .
643 3038 649 3050 .
671 3037 677 3051 .
696 2996 868 3067 poenitentia
889 2987 986 3051 rebus
1001 2987 1154 3078 humanis
1168 2996 1250 3055 sunt
1264 2993 1412 3080 exempti.

372 3090 494 3155 Tamen
527 3090 562 3154 in
594 3112 648 3154 eos
679 3088 763 3153 ultio
796 3088 911 3152 divina
944 3089 980 3153 in
1017 3095 1148 3154 tautum
1185 3095 1345 3161 saeviebat
1375 3102 1410 3161 ut

372 3194 511 3258 aliorum
534 3192 683 3257 membra
715 3195 792 3255 ante
826 3198 965 3257 mortem
988 3199 1220 3278 putrescerent,
1245 3196 1304 3261 alii
1327 3221 1413 3285 para·

373 3295 437 3380 lysi
461 3295 621 3371 dissoluti,
645 3293 701 3357 alii
736 3293 858 3358 morbis
890 3294 1078 3359 enormibus
1109 3297 1262 3376 involuti,
1287 3301 1413 3366 misera·

205 3406 350 3493 'fresmont
372 3397 484 3462 biliter
505 3403 545 3461 ut
568 3397 743 3460 videbatur
758 3395 951 3481 deperirent.
998 3396 1039 3460 In
1055 3400 1235 3463 crastinum
1251 3424 1330 3467 vero
1345 3410 1414 3490 post

204 3473 358 3603 ffi⁰k⁰¹⁵
372 3499 536 3583 flagitium
558 3503 794 3583 perpetratum,
817 3520 891 3562 cum
915 3499 1022 3564 adhuc
1045 3522 1161 3586 corpus
1183 3503 1414 3594 archiepiscopi

372 3601 408 3662 in
430 3598 562 3663 ecclesia
585 3604 778 3676 servaretur,
802 3599 898 3685 jussu
931 3601 1029 3665 unius
1063 3603 1217 3668 satellitis
1248 3608 1333 3694 regii
1360 3610 1415 3695 qui

372 3700 647 3785 archiepiscopum
686 3701 886 3785 pmditorem
918 3704 1114 3786 nominavit,
1149 3711 1182 3771 et
1214 3707 1257 3773 ob
1291 3715 1415 3776 metum

372 3804 525 3881 militurn,
550 3824 591 3865 ne
614 3803 656 3865 ad
679 3803 849 3869 civitatem
872 3804 1143 3872 Cantuariensern
1165 3830 1239 3874 eum
1266 3813 1417 3900 ampliori

372 3913 500 3972 armata
522 3927 621 3968 manu
644 3905 818 3969 redeuntes
840 3906 875 3969 in
897 3929 1012 3993 corpus
1029 3909 1261 3998 archiepiscopi
1276 3916 1417 4003 amplius

373 4009 576 4084 desaevirent,
600 4007 754 4070 monachi
777 4007 880 4092 ipsius
912 4030 1030 4096 corpus
1052 4013 1280 4079 venerandum
1300 4015 1417 4083 lavan-

374 4112 452 4176 dum
476 4109 623 4175 vestibus
646 4114 680 4174 et
704 4110 816 4174 ciliciis
840 4112 1045 4196 expoliantes
1074 4114 1225 4180 habitum
1249 4120 1419 4187 monachi-

373 4214 438 4278 lem
459 4235 500 4277 ex
522 4213 690 4297 insperato
704 4211 915 4297 reperierunt.
963 4213 1186 4302 Indutumque
1201 4221 1419 4304 vestimentis,

375 4315 460 4379 sicut
498 4335 568 4376 mos
606 4318 656 4376 est
687 4313 857 4399 pontifices
896 4316 1031 4400 sepeliri,
1065 4319 1100 4381 in
1134 4319 1240 4405 cripta
1274 4325 1421 4408 quadarn

374 4415 539 4503 sepultum
562 4415 789 4480 reconderunt.
835 4416 904 4481 Ubi
927 4423 961 4482 et
983 4418 1062 4483 alibi
1078 4419 1241 4487 Dominus
1263 4447 1422 4511 pereuni

208 4540 313 4603 Hepra
374 4517 531 4582 miracula
553 4516 693 4602 plurima
714 4523 872 4603 operatur.
919 4519 993 4605 Ipse
1009 4521 1169 4606 siquidem
1184 4530 1262 4591 aute
1278 4536 1422 4596 mortem

206 4608 339 4657 di⁰¹²d¹¹l⁸
376 4644 471 4687 suum
502 4621 697 4706 urortyrium
736 4622 942 4707 predicebat.
1000 4623 1038 4687 Iu
1075 4634 1170 4690 nocte
1202 4635 1315 4697 arrtem
1350 4637 1424 4721 ejus

206 4682 311 4739 martyr·

206 4742 272 4790 dom.
