3232 5692
327 772 391 838 164
589 785 774 835 rn1n1rrus
796 782 905 835 annas
928 785 1117 837 susurrans,

159 971 228 1020 nn.
242 975 306 1022 nso
327 960 423 1027 derat
444 960 479 1025 in
495 961 668 1047 praeceptis
683 965 722 1025 ut
737 959 934 1025 omnimodis
950 958 1037 1025 hunc
1053 959 1217 1026 defectum
1232 959 1377 1048 plenarie

160 1044 250 1088 4182.

328 1065 478 1152 supplere
501 1064 644 1131 deberet.
691 1062 791 1128 Unde
826 1063 913 1127 idern
935 1062 1063 1127 Manus
1086 1084 1145 1129 sex
1167 1085 1258 1129 acras
1280 1068 1377 1128 terrae

328 1169 364 1231 in
388 1167 524 1231 Beforth
554 1166 708 1242 addebat,
731 1165 773 1230 od
808 1164 1083 1251 complementum
1105 1164 1209 1252 ipsius
1231 1165 1377 1231 dimidiae

163 1276 279 1326 Erection
291 1275 321 1324 of
329 1274 489 1335 carucatas
505 1267 622 1334 temne)
660 1266 790 1353 Incepit
805 1266 909 1352 igitur
922 1268 1073 1332 dominus
1089 1267 1261 1354 Philippus
1275 1267 1377 1333 abbas

162 1343 317 1407 agrangein

164 1410 300 1460 Morefieru.
329 1394 366 1437 ιιι
381 1392 495 1459 campo
510 1371 551 1436 de
567 1370 662 1437 Mora
676 1369 848 1455 grangiam
863 1368 986 1445 unam,⁸
1000 1374 1033 1435 et
1049 1368 1163 1435 domos
1184 1370 1376 1448 aedificabat,

329 1474 444 1539 multis
467 1471 697 1538 resistentibus
717 1476 754 1536 et
779 1470 999 1537 renitentibus
1021 1492 1080 1558 pro
1106 1493 1280 1538 commuua
1304 1494 1378 1560 pas-

330 1582 415 1643 turae
436 1576 473 1640 in
497 1574 600 1640 Mora.
644 1571 744 1639 Unde
767 1573 889 1638 multas
912 1572 1170 1639 concertationes
1199 1579 1233 1640 et
1262 1575 1378 1662 grania

331 1678 503 1765 dispendia
524 1676 642 1742 fratres
665 1675 771 1741 nostri
792 1674 861 1740 illic
876 1680 1112 1741 commorantes
1134 1678 1276 1764 perpessi
1292 1683 1377 1743 suunt

332 1782 409 1867 Ipso
435 1789 546 1844 tamen
569 1784 716 1865 tempore
745 1775 847 1842 abbas
878 1783 913 1843 et
946 1776 1094 1845 canonici
1123 1778 1164 1844 da
1186 1778 1379 1844 Thorntona

332 1882 414 1948 nibil
431 1881 494 1946 sibi
509 1881 545 1946 in
560 1880 617 1946 illa
640 1879 733 1944 Mora
755 1879 985 1960 vindicarunt3
1008 1881 1067 1967 qui
1088 1885 1210 1960 tamen,
1224 1882 1378 1967 tempori·
1437 1957 1443 1968 ι

333 1986 394 2051 bus
416 1984 550 2050 Thomna
582 1989 616 2048 et
638 1982 820 2048 Alexandri
852 1983 1011 2049 abbatum
1042 1990 1238 2066 nostrorum,
1264 2007 1378 2071 graves

333 2086 472 2172 injurias
495 2091 530 2151 et
552 2085 719 2150 molestias
749 2084 872 2150 multas
894 2083 1012 2151 nobis³
1034 2085 1229 2163 intulerunt,
1251 2092 1286 2152 et
1307 2109 1380 2173 pas-

334 2195 444 2256 turam
471 2209 575 2273 usque
598 2189 641 2253 ad
675 2192 803 2275 portam
838 2189 982 2276 grangiae
1015 2194 1137 2256 nostrae
1169 2195 1379 2276 occuparunt

335 2293 454 2358 Postea
476 2292 618 2377 quidem,
641 2312 715 2356 curn
738 2290 925 2377 aliquantas
947 2291 1029 2356 alias
1052 2297 1156 2358 terrae
1185 2293 1220 2357 in
1244 2292 1379 2359 Belortlr

334 2395 594 2480 acquisisscmus,
617 2394 696 2480 ipsae
719 2394 778 2460 xii.
802 2393 934 2460 bovatas
956 2399 1054 2460 terna
1085 2396 1122 2461 in
1154 2384 1380 2482 Dodpngtona

336 2499 370 2561 in
395 2496 598 2562 dimissiones
621 2496 811 2562 tenentibus
842 2497 883 2561 de
911 2497 1136 2584 Dodyngtona
1157 2503 1236 2564 sunt
1257 2498 1381 2577 divisa,

285 2652 291 2662 .
336 2605 371 2664 et
400 2600 480 2686 ipsae
515 2599 693 2685 aliquantae
726 2604 822 2665 terrae
853 2600 890 2664 in
922 2600 1056 2667 Beforth
1086 2601 1149 2689 ipsi
1172 2602 1317 2688 grangia
1339 2602 1380 2667 de

171 3103 257 3158 Mola

171 3379 283 3431 Bosorth.

171 3589 256 3639 lande
266 3589 293 3639 in

172 3656 277 3705 Besortlr

172 3723 229 3772 held
241 3725 275 3787 by

173 3790 290 3854 Geoffay

174 3858 261 3922 Brylo.

340 2701 443 2784 Mora,
468 2701 497 2767 ci
522 2702 688 2789 proximan,
712 2701 942 2769 addebantur.⁴

338 3089 402 3156 III.
436 3089 486 3156 Dc
508 3089 617 3156 aliisl
641 3089 741 3156 icaria
763 3096 792 3155 et
816 3090 1012 3158 tenementis
1034 3092 1160 3159 orostria
1182 3091 1225 3160 ia
1247 3094 1380 3181 Bejorlt

774 3198 803 3259 ct
825 3191 947 3261 Mora.⁰

383 3373 434 3439 De
456 3373 589 3460 reliquis
623 3380 732 3440 autem
767 3396 825 3441 sex
858 3377 1019 3442 carucatis
1052 3383 1149 3446 terra
1175 3379 1209 3444 in
1245 3379 1381 3447 Beforth

339 3498 419 3561 quas
440 3497 545 3540 comes
568 3475 742 3562 praedictus
772 3477 864 3542 dedit
894 3478 1055 3544 militibus
1084 3487 1118 3546 et
1147 3481 1257 3548 liberis
1279 3482 1382 3549 homi·

339 3578 436 3643 nibus
469 3579 546 3656 suis,
580 3577 698 3643 habuit
735 3579 869 3664 quidam
903 3580 1069 3647 Galfridus
1100 3583 1267 3670 Brytonue
1300 3589 1382 3653 duas

339 3685 514 3757 carucatas,
547 3702 621 3767 quaa
654 3682 809 3768 partitoe⁷
839 3683 973 3749 fuerunt
1007 3685 1094 3751 inter
1127 3692 1268 3773 quatuor
1298 3691 1383 3756 filias

340 3806 422 3862 suas,
446 3783 620 3870 unicuique
643 3783 798 3851 videlicet
828 3785 904 3853 filiae
934 3786 1072 3854 dimidia
1093 3795 1245 3858 carucata
1277 3798 1381 3860 torrae

375 4074 470 4125 'Alter
481 4082 551 4124 terra
563 4075 649 4137 insert,
661 4083 689 4127 ut
700 4075 747 4128 sibi
759 4076 840 4129 fumat
885 4083 900 4109 “
918 4086 971 4130 erat
984 4087 1128 4132 constructa
1147 4090 1204 4134 ante
1224 4098 1317 4136 annum
1328 4087 1382 4138 Do-

341 4155 497 4220 ἱιιιρειιιιιιιιι,
508 4154 539 4204 Ρ.
884 4161 900 4188 “
918 4158 981 4209 mini
989 4159 1148 4212 millesimum
1157 4165 1320 4216 centesimum
1328 4182 1382 4233 aep-
1403 4159 1406 4164 ’

374 4237 385 4265 ²
403 4235 487 4299 unum]
508 4233 621 4297 wanting
633 4233 660 4283 in
672 4234 702 4285 P.
884 4241 899 4266 “
917 4239 1084 4305 tuagealmnm
1102 4244 1247 4304 secundum,
1265 4253 1294 4294 ut
1315 4256 1382 4310 patet

375 4317 384 4345 ³
401 4316 477 4366 Alter
488 4313 556 4364 nodia
567 4315 646 4365 insert
658 4322 683 4366 et
698 4315 798 4376 nostris,
810 4317 840 4367 P.
885 4321 899 4346 ‘⁸
917 4333 962 4383 per
981 4318 1075 4369 bullam
1093 4321 1236 4372 Alexandri
1256 4338 1326 4389 papae
1347 4327 1382 4378 iii.

376 4396 440 4444 ‘At
462 4395 505 4444 the
529 4394 581 4444 scot
604 4394 634 4442 ol
653 4395 695 4444 the
719 4409 782 4460 page
807 4411 840 4444 on
885 4400 900 4426 ‘⁸
917 4397 1035 4463 Philippo
1044 4399 1129 4480 pbbnti
1141 4402 1172 4451 de
1188 4402 1269 4454 Melea
1281 4420 1381 4456 concea-

342 4473 426 4523 which
435 4474 485 4523 this
496 4472 600 4536 chapter
610 4473 754 4524 terminares
763 4474 788 4524 in
798 4475 841 4524 tlre
884 4480 900 4505 “
918 4492 970 4527 nam
981 4477 996 4499 ”

343 4553 468 4617 l’billippa
485 4551 551 4612 MS„
563 4552 605 4601 the
624 4551 756 4618 following
775 4561 841 4613 note,
918 4557 928 4584 ⁵
945 4516 1016 4622 aliis]
1036 4559 1149 4624 wanting
1161 4560 1222 4611 inP

342 4633 377 4696 by
389 4633 495 4682 another
514 4630 590 4691 hand,
602 4646 706 4684 occurs:
724 4637 739 4660 “
747 4633 841 4683 Memo-
918 4636 929 4664 ⁸
944 4643 968 4684 et
979 4634 1070 4703 Mora]
1090 4639 1203 4706 wanting
1215 4641 1239 4689 in
1252 4641 1282 4695 P.

342 4716 357 4739 ‘⁴
376 4713 481 4760 randum
494 4713 557 4775 qrrod
571 4713 678 4777 wangia
689 4714 720 4763 do
734 4712 841 4764 lallare
918 4716 927 4744 ²
940 4715 1057 4782 parlim]
1077 4717 1221 4782 dispartita),
1232 4720 1262 4772 Ρ.
