3232 5692
323 774 386 840 154
652 789 750 840 Amu
772 791 881 842 isses
904 790 1042 842 sumus,

320 991 419 1029 uorum
432 976 552 1040 nutrito,
565 975 669 1032 beatus
689 976 969 1042 Bs1·ne1·dus,ubbas
985 967 1257 1044 Cluraevallensisi
1271 968 1312 1033 de
1328 987 1367 1032 00

320 1068 363 1122 sic
382 1060 577 1141 prophetavit,
598 1075 741 1141 pumsonte
760 1088 841 1143 rege,
863 1075 881 1098 “
895 1071 940 1126 De
956 1071 1102 1138 diabolo‚‘’
1122 1072 1226 1144 inquit,
1249 1071 1365 1133 “venit

321 1156 340 1178 ⁴⁶
360 1159 391 1208 et
408 1152 444 1208 sd
463 1153 610 1227 diabolum
628 1153 712 1210 ibit.”
748 1154 862 1210 Notans
875 1173 927 1226 per
945 1155 999 1211 hoo
1011 1155 1258 1221 temtirsnnidem
1275 1155 1367 1226 patris

319 1245 364 1299 sui
391 1245 516 1301 Gulfridi
535 1236 665 1303 οοῐιδιἨ,1
687 1247 859 1319 Sogiensem
883 1248 1060 1320 episcopum,
1075 1267 1162 1322 quum
1175 1250 1262 1305 otium
1281 1248 1367 1303 istius

319 1336 441 1394 Homini
469 1340 597 1396 futurum
624 1341 818 1408 atrocitatem,
838 1359 897 1412 quu
914 1341 945 1396 in
972 1341 1091 1399 beatum
1118 1342 1259 1399 Thomum
1277 1341 1367 1397 desse·

318 1421 403 1478 viret.

317 1750 394 1817 OAP.
428 1748 606 1818 XXXVII.
640 1752 689 1818 De
714 1750 810 1836 filiis
833 1751 981 1820 Hostuiei
1003 1751 1116 1840 popm·
1142 1750 1183 1820 de
1206 1749 1362 1819 doiiiiuio

406 1853 584 1922 Hiberniae
598 1877 613 1937 ;
636 1861 665 1921 et
688 1854 728 1922 de
743 1855 764 1926 7
780 1854 901 1924 lustris
923 1854 1047 1944 quibus
1062 1855 1174 1924 dictus
1189 1855 1362 1923 Heumcuo

405 1957 567 2043 reptavit.

145 2136 266 2190 Childoen
274 2141 305 2191 of
358 2133 410 2200 De
441 2134 633 2224 praescripto
664 2134 821 2203 Alieuom
858 2136 920 2203 iste
953 2159 1012 2204 rex
1050 2135 1215 2204 Hem-icus
1251 2139 1270 2201 2
1303 2158 1361 2203 sex

312 2237 397 2303 filios
421 2239 552 2306 inolitos
575 2233 610 2305 et
631 2243 699 2306 tres
722 2240 807 2306 filies
830 2241 1011 2307 suscitavit.
1057 2241 1204 2322 Quarum
1227 2241 1359 2327 quidem

313 2340 464 2420 filiorum,
481 2342 652 2409 Metildem
676 2343 816 2430 primam
840 2343 914 2409 duci
934 2344 1107 2425 Simorum,
1130 2343 1321 2410 Alienorum
1339 2348 1359 2409 2

310 2444 379 2533 regi
403 2445 585 2534 Hispaniae,
610 2452 644 2512 et
670 2446 861 2512 Johunnem
891 2447 1024 2513 tertiam
1047 2446 1227 2514 Willielmo
1258 2447 1356 2534 [regi]

144 2205 235 2271 Henry
247 2207 281 2259 11.

311 2548 439 2615 Oesilim
454 2549 630 2637 copulavit.
673 2549 812 2616 Duobus
833 2550 955 2638 quippe
978 2550 1057 2615 filiis
1079 2551 1146 2616 suis
1161 2555 1359 2637 praemutu're

309 2650 456 2728 sublatis,
479 2653 516 2717 in
549 2650 682 2739 reliquis
707 2657 727 2717 4
750 2675 853 2740 usque
886 2653 929 2719 od
960 2659 1101 2719 mortem
1132 2654 1253 2719 meruit
1284 2677 1357 2741 per-

309 2754 443 2820 turbari.
491 2755 640 2836 Quorum
664 2757 694 2836 4,
719 2754 883 2821 Henrious
917 2756 1043 2844 primus
1076 2760 1248 2822 coronatus
1282 2757 1356 2838 fuit,

308 2863 401 2944 putre
434 2857 541 2925 adhue
564 2858 707 2938 vivente,
731 2858 788 2924 sed
820 2857 944 2945 absque
975 2858 1086 2925 liberis
1117 2863 1194 2924 unte
1228 2864 1354 2946 putrem

307 2981 403 3026 suum
436 2968 487 3027 est
521 2959 701 3027 deuinctus.
757 2960 797 3025 In
829 2960 1004 3048 catalogo’
1036 2966 1147 3028 tumen
1181 2983 1239 3027 seu
1272 2962 1354 3028 serie

306 3085 420 3151 regum
443 3063 573 3152 Anglim
596 3063 739 3152 regalem
754 3064 944 3130 memoriam
960 3085 1028 3130 non
1049 3065 1195 3130 sortitur.
1234 3066 1355 3131 Secun-
1418 3053 1431 3083 ⁸

305 3167 367 3233 dus
389 3173 501 3234 autem
526 3167 697 3245 Ricardus,
712 3168 965 3256 cognominatus
988 3165 1054 3233 Cor
1077 3166 1204 3245 Leonis,
1219 3168 1271 3234 oui
1295 3191 1353 3234 rex

305 3277 400 3358 peter
422 3270 514 3336 dedit
536 3271 692 3336 ducatum
707 3269 898 3357 Aquitauiae
920 3277 955 3336 et
977 3269 1170 3336 comitatum
1186 3270 1351 3349 Pictaviae‚

304 3378 379 3460 post
409 3380 537 3460 putrem
568 3396 664 3440 suum
687 3373 789 3461 regali
822 3372 1007 3439 diedemate
1035 3372 1157 3438 meruit
1189 3373 1350 3462 insigniri.

183 3495 194 3542 τ
220 3529 225 3541 .
305 3472 436 3537 Tertius
458 3471 525 3537 fuit
548 3471 724 3551 Gulfridus,
748 3471 801 3538 cui
824 3493 884 3538 rex
905 3477 1000 3559 puter
1021 3471 1115 3538 dedit
1136 3473 1352 3538 comitatum³

305 3573 517 3662 Andegoviae.
564 3575 609 3640 Et
632 3580 770 3661 quartus
799 3575 864 3640 fuit
885 3573 1065 3655 Johaunes,
1088 3573 1140 3640 cui
1170 3597 1229 3640 lex
1259 3579 1352 3662 pater

304 3676 397 3743 dedit
424 3677 608 3744 dominium
631 3678 812 3759 Hiberniae,
836 3682 870 3744 et
900 3678 1095 3743 eomitatum
1119 3676 1292 3745 Mortoniae
1315 3677 1351 3742 in

304 3778 531 3847 Normunniu⁴
577 3781 643 3862 Qui
673 3786 749 3869 post
771 3780 949 3846 Ricardum
971 3781 1107 3846 fratrem
1130 3803 1226 3848 sumn
1255 3781 1349 3868 regni

303 3880 455 3950 diademo
485 3890 536 3950 est
568 3883 714 3972 adeptus
771 3882 846 3972 Ipse
884 3888 997 3950 autem
1032 3880 1208 3961 Gslfridus,
1242 3905 1348 3949 comes

302 3986 484 4053 Britamiiae
530 3994 565 4054 ot
602 3985 815 4074 Andegu-viae,
854 3986 973 4074 genuit
1018 3986 1059 4052 de
1104 3984 1174 4050 filia
1217 3985 1348 4052 eomitis

301 4086 494 4167 Britannis,
515 4110 575 4176 per
607 4112 705 4176 quam
730 4090 939 4154 Britannimn
962 4089 1115 4167 habebat,
1139 4088 1282 4176 suscepit
1304 4111 1346 4153 ox

300 4187 372 4277 ipsu
403 4192 507 4257 filium
540 4193 674 4258 nomine
696 4192 889 4258 Arthurum.
937 4191 1004 4273 Qui
1035 4192 1201 4257 Arthurus
1234 4197 1349 4278 posteo

299 4287 415 4360 debuit
437 4318 589 4384 iugnusse
611 4302 687 4382 post
710 4295 888 4362 Riomdum
909 4317 1028 4382 regem,
1051 4300 1204 4382 patrumm
1222 4315 1346 4375 .suum;

353 4449 530 4455 --—--—-—-
1218 4448 1341 4456 -.⁰—

564 4521 570 4550 ¹
588 4519 686 4585 contria]
706 4519 750 4582 qui
760 4517 953 4578 eunuchnverat
965 4518 1009 4569 Bt.

563 4602 573 4630 ²
589 4597 710 4665 αιωὶιιφο]
730 4599 870 4663 cadulum),
881 4598 938 4650 MS.

563 4682 573 4708 ²
588 4677 737 4743 tumidum]
756 4679 889 4728 cemimus
899 4677 1038 4729 Bdunnin
1049 4688 1082 4737 et,
1094 4678 1151 4730 MS.

564 4760 573 4788 ⁸
589 4756 758 4822 itomanam]
777 4756 804 4807 in
815 4756 940 4808 liibemit
950 4758 1047 4820 erased,
1058 4757 1116 4810 MS.
