3256 5692
385 755 451 819 192
645 767 830 817 amuranus
852 765 960 817 asans
982 765 1172 817 sscurrnus

212 945 281 996 nl).
296 954 357 1002 uer
381 948 469 1018 runt,
496 943 805 1008 excommunicavit.
859 941 933 1008 Rex
965 946 1079 1007 autem
1112 939 1221 1006 ἰΙΙίοοι
1246 940 1291 1006 ad
1313 960 1432 1027 papam

211 1016 303 1066 '¹¹⁷⁰‘
380 1043 608 1110 Alexandrum
646 1046 785 1110 nuntios
830 1044 1020 1109 destinavit.
1080 1045 1129 1109 At
1165 1066 1183 1109 e
1217 1047 1335 1109 contra
1369 1063 1432 1107 rex

380 1145 583 1212 Francorum
616 1149 753 1213 nuntios
775 1147 857 1212 alios
878 1146 921 1211 ad
943 1168 1063 1233 papam
1096 1167 1156 1232 pro
1190 1144 1432 1231 archiepiscopo

211 1245 362 1328 Budarem
379 1250 638 1315 transmittebat.
676 1250 883 1338 Auguriatus
906 1249 1009 1335 igitur
1022 1269 1109 1335 papa
1122 1247 1252 1312 nuntiis
1267 1252 1433 1312 utrorum-

210 1312 452 1436 giiifflllque,
476 1360 631 1418 neutrum
655 1352 818 1417 offendere
839 1351 963 1430 voleus,
994 1351 1084 1415 inter
1113 1371 1223 1437 regem
1257 1355 1293 1415 et
1324 1348 1432 1415 archi·

211 1454 237 1493 ¹⁰
248 1449 366 1500 meunce.
378 1455 550 1539 praesulem
574 1476 687 1541 pacem
710 1454 843 1519 studuit
864 1452 1049 1530 reformare,
1072 1453 1208 1539 regique
1223 1450 1427 1517 Francorum

378 1557 573 1623 remandans
597 1564 631 1623 et
652 1579 772 1644 rogans
795 1562 834 1621 ut
856 1555 1069 1622 mediatorem
1089 1555 1178 1641 pacis
1199 1555 1235 1618 in
1257 1552 1321 1620 hac
1334 1559 1429 1641 parto

377 1680 411 1724 se
426 1660 604 1728 exhiberet
650 1668 735 1724 Unde
749 1668 829 1724 etad
841 1667 981 1739 pleraque
993 1665 1139 1736 colloquia
1157 1683 1222 1736 quas
1239 1664 1428 1737 interipsum
1438 1660 1541 1725 Μ

377 1778 408 1824 ct
425 1788 526 1840 regem
544 1772 663 1843 Anglioe
683 1776 766 1825 erant
785 1811 792 1824 .
815 1810 822 1823 .
844 1810 851 1823 .
871 1786 903 1823 se
921 1766 1113 1822 mediatorem
1130 1767 1211 1838 pacis
1241 1779 1301 1844 pro
1324 1736 1549 1824 mhjfflvtffi

209 1854 324 1908 ΜΨ*
377 1862 527 1949 episcopo
550 1871 763 1943 interponebat.
791 1869 874 1923 Inter
892 1885 958 1938 quse
976 1886 1067 1921 unum
1086 1867 1265 1938 colloquium
1276 1868 1368 1933 fuit„
1389 1909 1425 1924 ..

208 1926 345 2040 Emi&
377 1963 434 2028 ubi
456 1974 494 2028 ad
520 1974 610 2045 pedes
637 1973 717 2043 regis
745 1970 862 2043 Angliae
884 1960 1026 2046 procidit
1048 1970 1294 2042 archiepiscopus,
1315 1971 1425 2037 dicens,

207 2057 365 2109 ⁸¹¹b¹¹¹i⁸¹ion=
379 2069 398 2091 “
418 2065 542 2121 Domine
560 2085 620 2129 rex,
640 2073 732 2120 totam
750 2081 869 2118 causam
887 2062 963 2117 unde
982 2063 1058 2118 inter
1070 2081 1122 2117 nos
1135 2070 1200 2119 orta
1215 2071 1264 2120 est
1280 2063 1426 2121 dissensio

206 2147 330 2213 Indigna·
377 2154 394 2177 ‘⁴
412 2157 464 2204 tuo
482 2151 634 2206 committo
652 2148 785 2211 arbitrio,
807 2146 888 2202 salvo
914 2146 1022 2201 honore
1041 2146 1127 2201 Dei.''
1170 2148 1235 2203 'Pali
1262 2147 1425 2219 adjectione

207 2213 304 2294 ‘5⁰³⁰f,
376 2234 485 2298 aridita,
523 2252 574 2289 rex
615 2233 827 2289 scandalizatus
864 2237 910 2285 cst
945 2229 1141 2286 vehementer.
1196 2231 1553 2302 Insurrexernntltitptt

206 2280 361 2348 uodkrngs.
375 2340 452 2404 ergo
474 2341 534 2384 rex
556 2328 696 2405 uterque
718 2315 851 2403 Angliae
873 2320 909 2380 et
931 2314 1080 2379 Francia}
1103 2320 1138 2380 et
1159 2331 1313 2396 magnates
1338 2324 1424 2399 regni

375 2421 529 2491 utriusque
560 2421 590 2475 in
621 2419 882 2489 archiepiscopum,
913 2417 1091 2488 imputantes
1121 2417 1297 2487 arrogantiae
1328 2417 1423 2489 ipsius

374 2512 616 2582 impedimentum
634 2510 725 2584 pacis,
750 2503 845 2588 quasi
868 2501 957 2588 quod
979 2500 1044 2566 sibi
1068 2501 1283 2588 displicuerat
1304 2502 1423 2569 honori

373 2603 437 2667 Dei
462 2605 664 2669 contrarium
680 2605 869 2682 videretur3
892 2604 1089 2689 quibusdam
1104 2604 1325 2670 clamantibus
1339 2604 1422 2691 ejec-

373 2712 444 2770 tum
467 2729 510 2772 ex
532 2707 657 2793 Anglia
680 2707 716 2770 in
741 2707 879 2771 Francia
901 2706 1002 2791 recipi
1024 2728 1092 2771 non
1115 2706 1234 2772 deberi.
1282 2706 1326 2771 In
1347 2713 1422 2774 tan·

371 2814 444 2872 tum
467 2809 554 2873 enim
576 2809 835 2895 archiepiscopus
857 2814 928 2873 erat
951 2814 1172 2895 exasperatus,
1189 2814 1229 2873 ut
1250 2831 1312 2874 rex
1333 2810 1422 2876 inter

370 2909 436 2974 alia
458 2911 581 2977 diceret
614 2933 648 2976 se
679 2912 788 2976 ultum
810 2911 911 2975 fuisse
942 2910 998 2975 illo
1021 2911 1076 2976 die
1098 2911 1140 2976 de
1162 2933 1221 2976 suo
1243 2911 1420 2999 proditore.

203 3021 346 3099 Becketre-
370 3013 642 3100 Archiepiscopus
665 3020 777 3078 autem
799 3037 820 3078 a
842 3014 925 3078 facie
940 3014 1080 3078 duorum
1095 3036 1209 3101 regum
1235 3015 1314 3080 inde
1340 3038 1421 3101 qua

202 3090 356 3207 {afflig
370 3115 543 3182 dammodo
566 3117 694 3204 fugiens
717 3118 891 3202 adportes
925 3117 1129 3204 Burgundios
1152 3117 1298 3183 decrevit
1322 3118 1421 3184 decli-

202 3221 301 3307 kjssssst
369 3240 456 3285 nare.
503 3220 557 3284 Ad
582 3220 762 3285 Carnutum
786 3240 862 3305 ergo
896 3226 931 3284 ct
954 3219 1100 3284 Senones
1122 3220 1257 3285 tandem
1279 3222 1420 3287 veniens

203 3288 328 3341 cumaea
369 3321 411 3384 ad
434 3324 558 3386 curiam
581 3323 669 3409 regis
693 3323 841 3387 Francia
863 3321 970 3387 fuerat
992 3323 1161 3387 invitatus.
1208 3324 1281 3388 Rex
1303 3331 1418 3390 autem
1431 3338 1566 3407 mansa

370 3424 526 3501 Franciae,
551 3425 692 3503 caviac,
716 3426 822 3510 primo
857 3424 964 3489 tristis
995 3432 1029 3490 et
1061 3427 1154 3511 quasi
1186 3427 1299 3492 dolens
1330 3427 1418 3514 quod

202 3527 333 3607 Tbeking
369 3546 444 3588 eum
454 3536 490 3589 de
502 3553 594 3604 regno
613 3537 742 3606 ejiceret,
759 3578 764 3590 .
788 3579 794 3591 .
817 3579 824 3590 .
844 3527 971 3604 deinde,
984 3536 1094 3591 obortis
1107 3536 1246 3603 lacrimis,
1260 3539 1418 3610 prosiliens

201 3595 288 3712 223&
298 3596 338 3645 Μ
370 3653 435 3689 curn
468 3637 601 3706 singultu
630 3637 755 3707 projecit
785 3655 816 3692 ss
847 3638 884 3692 ad
908 3639 997 3709 pedes
1028 3640 1248 3711 archiepiscopi,
1284 3633 1417 3698 veniam

201 3737 218 3786 f.
231 3737 295 3789 set.
367 3735 485 3814 petens
507 3728 594 3814 quod
618 3729 647 3793 ei
671 3729 761 3814 prius
784 3751 975 3815 perversum
999 3731 1173 3795 consilium
1205 3733 1352 3799 dedisset
1373 3734 1415 3799 da

367 3831 509 3916 parendo
543 3831 613 3916 regi
646 3831 784 3916 Angliae,
817 3833 1000 3918 postposito
1034 3834 1156 3899 honore
1190 3835 1261 3900 Dei.
1308 3837 1417 3903 Erant

367 3934 480 4019 itaque
497 3933 647 4020 deinceps
663 3955 721 3998 rex
737 3933 884 3999 Francius
908 3940 942 4000 ct
963 3936 1222 4023 archiepiscopus
1237 3937 1417 4006 familiares

367 4042 401 4099 et
417 4037 513 4100 amici
529 4035 634 4100 multo
651 4036 783 4122 [magis]
809 4042 886 4123 post
907 4059 1007 4122 quam
1022 4038 1120 4125 prius.
1168 4040 1220 4105 Ob
1242 4043 1332 4128 quod
1354 4065 1416 4109 rex

367 4138 498 4224 Angliae
520 4138 626 4201 iratus
649 4139 777 4223 scripsit
808 4139 879 4225 regi
914 4138 1060 4206 Franciae
1089 4148 1221 4227 pactum
1244 4143 1416 4230 dirupisse,

367 4239 454 4325 quod
492 4239 600 4324 ipsum
637 4240 914 4327 archiepiscopum
949 4242 984 4305 in
1018 4265 1077 4308 suo
1111 4266 1210 4331 regno
1241 4244 1415 4313 refoveret.

199 4349 354 4483 sstttpppgpe
367 4341 579 4406 Rescribentc
600 4346 714 4406 autem
736 4364 812 4427 rege
837 4342 864 4406 F
865 4344 984 4409 ranciae
1014 4344 1147 4410 domino
1176 4369 1270 4434 papae
1300 4370 1412 4433 paoem

756 4682 763 4711 ¹
782 4679 858 4747 illico]
878 4681 944 4745 ilico,
956 4682 1014 4734 MS.
