3232 5692
576 792 676 842 sunu
697 793 806 843 mass
829 795 969 845 smnus.
1109 835 1122 859 ,
1233 785 1297 849 133

249 964 337 1030 filius
376 964 606 1053 Imperatriois,
643 987 737 1032 verus
778 967 873 1034 heres
906 970 999 1056 regni
1039 969 1177 1056 Angliae,
1217 984 1298 1034 tanta
1311 980 1450 1032 sonorus

248 1068 422 1124 necessitate
451 1068 618 1139 compulsus
648 1107 659 1124 .
690 1107 699 1125 .
731 1109 740 1124 .
770 1068 802 1123 in
830 1070 970 1141 Angliam
999 1071 1155 1127 advolavit.
1217 1059 1428 1126 Tuncmlm’

250 1160 427 1216 miserabilis
443 1159 563 1233 Anglia,
581 1172 675 1238 paene
693 1159 852 1227 destructe,
872 1180 925 1234 per
943 1161 1008 1233 ejus
1026 1162 1193 1229 adventum,
1214 1163 1298 1234 quasi
1310 1119 1459 1243 {⁰123an

250 1259 320 1315 vitoe
330 1251 496 1340 paulisper
517 1253 716 1341 spiraculum
737 1255 907 1340 reaccepit.
931 1302 940 1320 .
964 1302 973 1320 .
996 1303 1005 1320 .
1029 1253 1164 1319 Etcum
1181 1261 1298 1333 Angliae

251 1359 378 1418 littora.
400 1400 437 1418 ..
467 1375 543 1419 cum
575 1354 686 1442 paucis
718 1359 831 1419 tumen
860 1369 1041 1435 occupasset,
1067 1362 1173 1418 subitis
1202 1361 1300 1417 afflata

252 1455 418 1510 rumoribus
436 1461 516 1512 terra
532 1456 724 1512 infrendebat.
746 1497 753 1511 .
775 1496 784 1511 .
804 1497 813 1513 .
834 1454 904 1511 Sui¹
922 1454 1070 1510 tumendo
1088 1455 1216 1510 adventu
1234 1452 1299 1525 ejus

251 1536 408 1592 admodum
425 1540 631 1611 tripudiantes,
658 1557 747 1612 super
763 1540 819 1595 hoo
843 1539 922 1610 quod
945 1556 1053 1609 paucos
1071 1555 1171 1594 secum
1189 1536 1298 1593 addux-

250 1627 317 1676 erat
343 1622 557 1696 aliquantulum
586 1624 851 1690 commovebantur,
878 1629 908 1679 et
947 1623 1076 1679 hostium
1106 1621 1236 1678 confusio
1262 1638 1299 1676 ex

198 1709 209 1733 '
250 1713 351 1768 eadem
386 1717 533 1788 paucitate
562 1734 620 1771 non
649 1716 796 1771 modicum
825 1714 1020 1770 relevabatur.
1050 1755 1058 1770 .
1086 1754 1096 1769 .
1122 1714 1190 1769 .At
1218 1704 1296 1781 (lux,
1309 1716 1406 1768 Hebe·

250 1804 522 1877 splendidissimus²
536 1808 664 1879 juvenis,
684 1824 866 1879 congregans
892 1824 960 1862 suos
978 1813 1039 1862 tam
1058 1823 1131 1877 quos
1148 1783 1445 1900 inveneratzi‘jssl‘gg'fle

250 1906 339 1959 quam
357 1909 429 1962 quos
447 1892 608 1947 adduxerat
626 1932 633 1946 .
655 1932 662 1946 .
684 1931 693 1946 .
712 1891 866 1946 castellum
884 1890 920 1945 de
932 1889 1123 1945 Malmesbirh
1136 1889 1296 1959 obsidebat,
1310 1917 1430 1967 Mum,

251 2020 280 2035 ..
296 1987 347 2037 ,et
358 1984 457 2039 statim
471 2024 478 2038 .
494 2025 501 2038 .
518 1977 678 2062 .*praeter
691 1996 791 2039 unam
808 1973 940 2039 turrim'
956 1983 1042 2054 cepit.
1058 2023 1066 2038 .
1083 2024 1089 2038 .
1105 2025 1112 2038 .
1138 1973 1191 2038 Ex
1206 1973 1297 2059 cujus
1309 1984 1382 2049 bury.

250 2072 352 2159 gestis
374 2102 425 2139 rex
453 2083 618 2156 Stephanus
646 2084 775 2140 sinistris
800 2084 910 2139 nuntiis
929 2084 1108 2155 angariatus,
1130 2125 1137 2138 .
1159 2124 1196 2140 ..
1223 2098 1297 2142 cum
1310 2061 1420 2179 ⁸³⁹9?

251 2174 343 2245 copiis
361 2174 496 2231 omnibus
515 2176 711 2248 congregatis,
730 2193 789 2231 non
812 2176 899 2248 longe
923 2194 941 2232 a
963 2175 1155 2231 Malmesbirh
1172 2179 1299 2234 tentoria
1309 2144 1424 2275 amm?

251 2266 323 2321 fixit.
345 2307 354 2321 .
375 2307 382 2320 .
404 2306 411 2321 .
432 2266 526 2338 Cujus
551 2267 697 2323 exercitus
724 2267 829 2338 ingens
851 2285 1005 2339 procerum
1028 2307 1037 2325 .
1060 2306 1069 2324 .
1092 2306 1101 2324 .
1124 2266 1197 2324 elut
1214 2261 1363 2325 terri·hlm
1374 2263 1461 2314 ΜΞ*

252 2356 321 2411 bilis
339 2356 425 2411 valde
443 2363 474 2412 et
492 2357 624 2421 decorus,
644 2356 697 2412 sed
720 2359 821 2429 procul
848 2359 884 2413 ab
912 2359 954 2413 eis
978 2366 1140 2415 recesserat
1157 2360 1248 2426 Deus,
1268 2330 1431 2416 indesoeoed'

253 2466 310 2519 qno
328 2448 391 2503 solo
408 2453 470 2504 tota
487 2448 576 2504 salus.
632 2439 734 2526 Cujus
766 2449 828 2504 acie
854 2449 983 2504 crastina
1008 2443 1151 2506 adventus
1178 2452 1225 2506 sui
1251 2451 1300 2508 die

254 2590 260 2604 .
283 2589 290 2603 .
311 2589 319 2603 .
339 2548 465 2628 legibus¹
480 2549 595 2605 bellicis
621 2549 771 2621 eleganter
788 2540 960 2616 ordinatu,³
977 2549 1086 2621 apertis
1104 2551 1300 2607 caracteribus

252 2650 329 2716 eceli,
355 2640 592 2708 comitantibus
615 2641 792 2730 frigoribus
814 2647 849 2707 et
870 2642 963 2708 venti
986 2640 1182 2720 turbinibus,
1205 2656 1300 2707 mnus

252 2742 282 2796 in
307 2743 395 2799 socies
419 2761 521 2798 eorum
547 2744 630 2800 misit
655 2744 736 2800 Deus
763 2743 966 2800 inundationes
986 2784 994 2798 .
1015 2783 1023 2798 .
1044 2782 1052 2799 .
1071 2748 1106 2799 ut
1129 2744 1192 2815 ipse
1219 2743 1300 2798 Deus

252 2824 402 2881 videretur
419 2845 473 2898 pro
491 2827 565 2883 duce
589 2845 653 2883 rem
671 2828 821 2901 agitasse.⁴
840 2867 850 2884 .
870 2868 878 2884 .
899 2868 907 2882 .
929 2826 1030 2882 Stabat
1048 2843 1064 2881 e
1082 2829 1202 2898 regione
1221 2843 1301 2882 exer·

252 2910 328 2965 citus
343 2910 482 2980 juvenilis
500 2912 595 2982 magis
613 2912 726 2968 viribus
742 2911 867 2967 conlisus
886 2928 974 2983 quam
991 2927 1121 2965 numero.
1143 2951 1151 2966 .
1172 2950 1180 2966 .
1201 2951 1210 2965 .
1228 2911 1301 2966 Erat

82 2997 241 3066 Ibidpuss.
254 2992 372 3063 quidem
390 2993 457 3049 duci
470 2994 590 3065 suisque
608 3000 766 3066 tempestas
784 3012 802 3049 a
819 3000 913 3065 tergo,
926 2994 992 3064 regi
1009 2993 1130 3065 suisque
1141 2994 1173 3048 in
1184 2994 1299 3059 faciem,

253 3082 287 3131 ut
304 3094 358 3132 neo
376 3095 459 3132 arma
476 3079 621 3134 sustinere
642 3096 697 3134 nec
720 3078 837 3134 lanceas
860 3096 921 3149 prae
944 3077 1073 3148 frigore⁶
1097 3067 1218 3148 possent
1234 3095 1300 3133 con·

253 3175 388 3224 tractare.
433 3170 473 3224 Et
502 3170 571 3242 quia
592 3170 769 3242 praeviderat
794 3169 875 3224 Deus
893 3169 971 3240 quod
987 3160 1063 3225 duci
1081 3187 1172 3241 puero
1189 3176 1299 3225 terram

253 3268 317 3322 sine
334 3259 485 3347 ampliori
503 3269 655 3341 sanguinis
673 3269 813 3324 effusione
832 3268 972 3336 traderet,
991 3288 1058 3325 oum
1075 3270 1175 3325 nullus
1199 3286 1300 3324 eorum

252 3367 361 3424 flumen
377 3360 501 3426 ibidem
523 3362 699 3426 decurrens
724 3368 894 3439 transgredi
917 3375 1027 3440 posset,
1047 3387 1101 3425 neo
1127 3387 1179 3424 rex
1204 3375 1300 3424 tentas

254 3458 409 3517 illuviones
427 3463 507 3517 ultra
526 3463 657 3534 perferre
685 3462 839 3524 sufficeret,
860 3467 990 3517 cassatus
1015 3479 1103 3533 opere
1121 3459 1299 3515 Londoniam
1360 3497 1362 3500 <

251 3561 412 3631 repedavit.
434 3604 441 3617 .
463 3603 471 3618 .
492 3603 501 3618 .
520 3563 619 3634 Igitur
636 3563 722 3627 turri,
743 3578 830 3633 quam
844 3546 913 3633 ipse
927 3546 997 3611 (lux
1014 3555 1176 3620 obsederat,
1196 3554 1224 3608 ei
1236 3551 1374 3611 red-Prin

180 3664 185 3674 ¹
251 3652 322 3718 dita,
342 3653 484 3710 ulterius⁰
501 3655 677 3726 properavit,
699 3694 706 3709 .
730 3693 738 3708 .
764 3659 826 3708 .ut
844 3663 940 3706 cestro
957 3665 993 3703 ue
1017 3647 1224 3719 Wallssssfmh
1237 3646 1300 3744 lffm
1312 3626 1417 3746 ἓξὲξ.

251 3748 327 3800 fame
345 3746 476 3817 perituro
494 3752 687 3812 succurreret,
712 3741 747 3802 et
767 3733 968 3801 victualibus
989 3731 1070 3796 satis
1092 3729 1211 3808 alletia,
1232 3751 1437 3827 vlo-ming.

251 3839 386 3904 lentiam
401 3845 581 3904 castrorum
597 3836 823 3904 obsessorum⁷
837 3835 1032 3903 annullavit
1063 3833 1154 3898 Deus
1169 3832 1301 3919 quidem
1314 3826 1466 3878 fordonus
1512 3866 1513 3870 =

251 3941 327 4006 duci
349 3941 410 4006 hoc
430 3942 635 4036 prosperavit
655 3942 824 4028 inceptum
846 3943 881 4005 et
905 3936 1119 4023 tranquillum
1141 3935 1179 3999 in
1200 3935 1303 3999 omni-

252 4043 314 4109 bus
339 4043 491 4109 effectum
515 4044 693 4109 tribuebat.
716 4095 724 4108 .
747 4093 788 4109 ..
818 4051 946 4106 Parrum
970 4048 1028 4104 fnit
1047 4046 1137 4102 medii
1161 4046 1301 4118 temporis

287 4342 294 4372 ¹
315 4339 376 4406 Sar]
395 4339 456 4401 Diu,
468 4339 503 4391 Η.
833 4337 978 4402 ἀρίιαεεε]
997 4352 1080 4402 agere,
1093 4337 1127 4388 H.

287 4420 297 4449 ²
313 4417 533 4485 rplcadidirstaur]
558 4417 754 4478 strenuissimus,
832 4417 842 4446 ¹
855 4432 910 4482 proe
925 4416 1037 4499 stipere]
1064 4416 1186 4468 imbribus
1207 4417 1300 4484 prolin-

255 4498 298 4607 Ε*
311 4575 390 4641 Cujus
405 4611 414 4627 .
430 4610 439 4628 .
454 4610 463 4626 .
479 4573 606 4639 ordinata]
625 4573 688 4625 This
699 4590 756 4624 seu·
799 4495 973 4639 eutarilgi'us]
992 4572 1156 4636 exhilaratus,
1167 4573 1201 4623 H.

256 4665 329 4706 tenca
340 4654 363 4705 is
373 4655 518 4719 musposed
529 4653 594 4704 bom
607 4654 641 4706 Η.
834 4655 844 4683 ⁸
860 4651 1019 4719 otmwnn]
1032 4653 1274 4716 obsessoriomm,b1
