3232 5692
329 765 394 826 200
585 773 767 824 rumores
788 771 895 822 assas
918 771 1108 822 sacunnus

329 1073 408 1139 Car.
425 1070 516 1136 XVI.
540 1070 588 1135 Dc
606 1070 814 1156 perpetiens
835 1070 922 1154 repas
952 1077 981 1135 ct
1007 1069 1240 1156 episcopocum
1272 1089 1379 1155 anper

418 1179 522 1238 nwrtc
543 1170 665 1240 Scnccti
689 1171 820 1237 Pitonia
840 1171 1005 1258 martyria
1015 1197 1028 1248 ,·
1055 1169 1097 1236 dc
1111 1168 1379 1236 canonizatione

420 1273 565 1360 ejusden
575 1301 588 1351 ,·
615 1281 645 1340 ct
666 1273 819 1340 clatione
845 1272 995 1340 Ricardi
1018 1271 1265 1359 archicpiscopi
1289 1273 1382 1338 Can·

421 1375 617 1442 toeniensis.

165 1576 234 1627 M),
249 1576 319 1634 1171,
378 1544 467 1632 Rege
490 1549 601 1609 autem
623 1544 659 1608 in
682 1544 920 1610 Normanniam
950 1542 1157 1622 adveniente,
1180 1543 1244 1630 ipsi
1274 1541 1382 1608 cardi·
1394 1548 1518 1612 Quaerit

169 1646 240 1693 ¹¹⁷²·
334 1648 424 1713 nales
457 1651 492 1712 et
514 1647 586 1712 aliae
609 1646 735 1712 nobiles
768 1668 913 1732 personae
942 1645 1030 1733 apud
1062 1646 1298 1712 monasterium
1321 1631 1420 1711 Sus-⁹·
1435 1619 1494 1670 ¹⁴⁷·

166 1731 281 1862 ᾒέᾚί
335 1750 484 1814 viniense
506 1771 565 1835 pro
596 1747 757 1834 colloquio
779 1748 929 1813 habendo
952 1769 1138 1813 convenere
1183 1757 1315 1827 Cumque
1345 1756 1382 1812 de

167 1867 233 1915 tione
244 1863 307 1914 with
336 1870 407 1923 pace
425 1852 534 1907 ibidem
558 1850 626 1906 din¹
644 1855 800 1906 tractatum
828 1851 940 1914 fuisset,
959 1849 1116 1921 quoniam²
1133 1868 1185 1905 rex
1212 1850 1382 1906 mandatnm

168 1930 302 1981 theffldi·
338 1954 439 1991 eorum
457 1935 587 1991 absolute
603 1934 704 2005 jurare
722 1934 871 1999 renuebat,
892 1934 928 1989 ab
953 1935 996 1988 eis
1023 1951 1091 1988 cam
1118 1933 1318 2005 indignatione
1335 1951 1381 1988 ro·

166 1998 283 2128 ἓξὲξ]
338 2021 435 2085 essen,
464 2019 495 2073 in
522 2018 584 2073 uec
606 2017 705 2082 verua,
727 2017 883 2082 “aeueox‘
908 2017 1014 2089 iuquit,
1041 2020 1060 2044 ⁴⁴
1074 2017 1105 2071 iu
1129 2017 1312 2082 maumam,
1332 2016 1384 2071 uui

169 2132 219 2180 md
231 2131 286 2178 AV,
340 2105 472 2160 “multa
489 2103 562 2158 mihi
580 2102 760 2158 incumbunt.
796 2101 857 2159 Vos
884 2109 981 2158 autem
1000 2143 1007 2156 .
1027 2142 1034 2155 .
1055 2143 1061 2156 .
1081 2118 1134 2173 per
1160 2107 1270 2156 terram
1288 2118 1384 2156 meam

169 2197 283 2248 reaches.
338 2203 546 2252 ...vostram
563 2196 739 2266 legationem
758 2195 909 2250 exercete.³
928 2235 935 2249 .
956 2194 982 2248 .”
1013 2185 1177 2271 Sequente
1192 2191 1305 2251 tumen
1320 2186 1382 2263 die,

170 2277 240 2326 Μ·
337 2288 505 2374 episcopus
529 2286 765 2352 Londoniensis
796 2292 831 2351 et
864 2286 930 2351 duo
960 2285 1180 2353 archidiaconi
1202 2310 1223 2352 a
1244 2309 1320 2376 rege
1342 2290 1385 2354 ad

337 2389 518 2456 cardinales
532 2395 704 2466 venerunt,
719 2396 753 2453 et
768 2409 918 2453 concesso
941 2388 988 2454 eis
1010 2389 1099 2474 quod
1122 2390 1281 2476 petebant
1304 2391 1387 2455 civi-

336 2497 442 2558 tatem
465 2493 627 2557 Abrincas
658 2493 779 2556 iterum
813 2513 887 2556 cum
913 2513 989 2579 rege
1015 2495 1191 2558 tractaturi
1223 2493 1384 2560 adierunt

338 2594 408 2660 Ubi
430 2617 489 2660 rex
511 2594 668 2680 quicquid
691 2593 869 2659 cardinales
903 2591 1130 2680 proponebant
1152 2595 1294 2683 benigne
1317 2617 1385 2661 sns-

338 2697 425 2784 cepit
447 2701 481 2762 et
504 2696 666 2762 concessit.
713 2696 777 2761 Sed
809 2696 887 2781 quie
918 2718 977 2762 rex
1008 2697 1116 2762 filium
1149 2719 1245 2762 suum
1276 2720 1385 2784 regem

338 2799 449 2864 adesse
473 2798 614 2875 volebat,
637 2803 676 2862 ut
709 2798 796 2884 quod
828 2799 897 2884 ipse
930 2799 1136 2884 promitteret
1157 2800 1246 2865 filius
1268 2793 1385 2865 confi'r·

337 2905 451 2979 maret,
475 2901 636 2966 terminus
671 2899 701 2965 ei
732 2900 775 2964 ad
809 2917 909 2964 unam
939 2901 1156 2987 septimanam
1179 2908 1230 2968 est
1252 2902 1384 2967 dilatus.

171 3014 212 3064 He
223 3029 314 3081 purges
338 3003 412 3068 Rex
433 3023 510 3090 ergo
543 3003 687 3090 primum
720 3023 818 3089 super
843 3008 948 3068 morte
981 3002 1097 3068 Sancti
1119 3004 1252 3071 Thomae
1281 3006 1384 3070 archi-

171 3081 291 3199 fflfie
337 3105 479 3193 episcopi
501 3127 534 3170 se
550 3105 712 3192 purgavit,
724 3105 841 3189 jurans
856 3105 943 3190 quod
959 3127 1018 3172 nec
1032 3107 1188 3194 praecepit
1203 3129 1263 3172 nec
1278 3107 1384 3172 voluit

171 3213 288 3264 aanor
337 3214 376 3273 ut
414 3208 674 3288 interficeretur;
711 3207 776 3285 sed,
808 3208 941 3292 quando
975 3209 1115 3288 audivit,
1148 3210 1256 3274 doluit
1286 3209 1384 3275 'veho-

172 3281 274 3332 ΒΜ
338 3316 472 3376 menter.
518 3311 583 3375 Sed
598 3309 676 3395 quia
698 3310 785 3395 qnod
809 3310 933 3375 factum
947 3310 1055 3376 fuerat
1078 3333 1120 3377 ex
1142 3334 1202 3378 sua
1217 3312 1383 3378 occasione

338 3413 460 3479 factum
495 3434 564 3478 esse
586 3413 734 3489 timebat,
760 3411 800 3476 de
823 3411 1046 3478 satisfactione
1069 3414 1254 3480 adnutum
1280 3414 1383 3479 cardi-

173 3525 284 3578 articles
294 3527 325 3576 of
338 3515 465 3580 nalium
487 3514 644 3603 praestitit
661 3513 896 3599 juramentum.
943 3515 1035 3580 Tunc
1050 3516 1182 3601 quidem
1197 3517 1384 3603 injunctum

172 3608 327 3722 {51:233le
339 3624 390 3684 est
413 3619 443 3683 ei
465 3640 485 3682 a
507 3616 727 3681 cardinalibus
756 3616 844 3701 quod
877 3638 898 3681 a
929 3616 1062 3684 domino
1085 3642 1171 3706 papa
1192 3619 1383 3685 Alexandro

174 3726 315 3792 tutyhinu
340 3727 374 3785 et
396 3720 466 3806 ejus
488 3718 647 3784 catholico
669 3739 849 3782 successore
880 3739 948 3784 non
976 3720 1161 3802 recederet3
1183 3723 1271 3808 quod
1294 3723 1384 3786 inve·

340 3823 429 3887 niret
463 3843 504 3886 cc.
528 3820 649 3885 milites
680 3842 737 3906 per
770 3841 894 3884 annum
928 3822 1104 3908 integrum,
1127 3824 1280 3890 videlicet
1310 3824 1384 3889 uni-

340 3925 457 4010 cuique
491 3922 634 3987 militum
672 3944 731 3987 ccc.
764 3944 886 3999 aureos,
921 3924 963 3988 ad
996 3924 1216 3991 defensionem
1254 3927 1383 3994 Sanctae

340 4027 447 4092 Tarne
471 4024 762 4110 lherosolimitanae
774 4049 782 4104 ;
816 4025 903 4110 quod
924 4025 968 4089 ab
998 4027 1138 4093 instanti
1160 4035 1240 4093 tunc
1262 4032 1384 4094 nativi-

341 4135 411 4196 tate
433 4127 568 4193 Domini
590 4149 693 4213 usque
726 4127 761 4191 in
792 4127 972 4194 triennium
995 4150 1121 4194 crucem
1144 4131 1312 4217 acciperet,
1335 4155 1384 4198 se·

340 4235 461 4318 quante
475 4235 590 4296 aestate
606 4229 829 4294 Ierosolimam
840 4230 1050 4316 profecturus,
1061 4232 1125 4296 nisi
1141 4255 1199 4320 per
1214 4234 1383 4301 dominum

340 4355 457 4422 papam
481 4332 597 4397 fuisset
620 4331 816 4418 impeditus:
850 4333 878 4397 si
900 4353 979 4398 vero
1008 4333 1140 4400 interim
1174 4338 1306 4423 urgenti
1328 4360 1384 4403 ne-

377 4607 383 4636 1
402 4602 457 4668 dp]
477 4600 580 4662 domini,
592 4600 685 4662 der.
917 4601 927 4630 ⁸
944 4600 1063 4666 exercete]
1084 4603 1158 4667 agito,
1171 4604 1264 4667 Quadr.

377 4688 388 4716 ²
404 4681 529 4747 quoniam]
549 4695 633 4744 quam,
644 4678 737 4742 Quadr.
