3232 5692
459 838 642 888 amaneus
664 838 771 888 sanas
793 839 980 889 sncaunps.
1175 825 1237 888 195

201 1029 265 1077 auo,
286 1029 373 1083 quem
391 1030 410 1068 a
429 1012 544 1083 plebeio
569 1014 695 1085 quodam
722 1014 829 1070 clerico
855 1020 916 1070 tam
941 1013 1064 1084 proboso
1089 1012 1241 1083 patiuntur
1253 1013 1404 1066 Altum.

199 1103 315 1160 illudi.”
361 1095 457 1177 Quod
475 1098 611 1178 verbum
634 1100 720 1185 regis
743 1104 940 1186 exceperunt
962 1097 1085 1162 milites
1099 1101 1241 1181 quatuor
1252 1101 1352 1167 caught
1361 1119 1396 1169 1¹1²

200 1197 241 1262 de
278 1198 456 1266 domestica
488 1201 574 1288 regis
611 1201 754 1270 familia:
786 1202 821 1266 in
857 1222 970 1266 necem
1007 1169 1401 1300 archiepiscopiffififfiof

199 1301 402 1370 unanimiter
424 1305 659 1391 conspirarunt.
716 1304 851 1390 Absque
873 1324 965 1372 mora
986 1302 1090 1388 igitur
1112 1302 1241 1387 egressi,
1251 1301 1295 1362 hia.
1303 1301 1391 1352 house

102 1413 104 1418 '
198 1423 273 1489 rege
295 1404 427 1490 penitus
448 1405 628 1493 ignorante,
652 1429 818 1493 navesque
852 1407 888 1472 in
921 1404 1061 1471 diversis
1092 1402 1241 1491 portibus
1253 1367 1390 1487 ffin'ff

199 1505 345 1591 ingressi,
369 1508 412 1572 ad
435 1514 549 1575 votum
579 1509 783 1598 spirantibus
805 1509 895 1574 auris
916 1511 1185 1594 transportantur
1206 1501 1357 1569 inornar-

198 1606 352 1693 Angliam
376 1616 411 1676 et
432 1611 520 1697 apud
546 1613 766 1680 Portucanum
789 1611 888 1677 simul
910 1610 1147 1698 applicuerunt.
1200 1617 1242 1673 Ut
1253 1571 1325 1633 bury.

199 1714 297 1764 autem
315 1711 381 1783 regi
399 1712 524 1769 innotuit
548 1715 658 1771 milites
685 1715 797 1780 abesse,
817 1713 982 1786 suspicatus
1000 1712 1163 1782 malignum
1188 1710 1241 1767 ali·

199 1801 280 1871 quid,
299 1808 366 1874 post
383 1803 450 1860 illos
468 1805 547 1861 mitti
562 1806 666 1876 jubet¹
685 1813 719 1863 ut
735 1807 823 1864 citius
850 1810 1076 1861 reverterentur.
1117 1795 1238 1859 Verum

198 1906 279 1958 tanta
295 1904 448 1962 velocitate
467 1909 626 1965 transvecti
639 1915 707 1966 sunt
724 1914 758 1964 ut
775 1921 834 1965 nec
857 1899 1004 1981 revocari
1025 1924 1079 1962 nec
1097 1925 1115 1962 a
1131 1905 1240 1961 nuntiis
1280 1948 1285 1953 .

198 2005 403 2075 comprehendi
436 2000 570 2085 quidem
601 2015 722 2080 possent
751 2015 817 2066 ante
848 2008 997 2080 piaculum
1026 2012 1239 2079 perpetratum.

198 2095 273 2175 Qui,
305 2097 348 2161 ad
380 2097 598 2166 Oantuariam
629 2101 807 2177 venientes,
839 2100 944 2187 primo
976 2106 1099 2165 secreto
1122 2098 1240 2163 deinde
1254 2111 1380 2191 Thurin-

197 2198 326 2284 publiee
348 2202 624 2290 archiepiscopum
654 2225 696 2268 ex
726 2208 820 2290 parte
847 2203 932 2288 regis
955 2201 1097 2281 allocuti,
1120 2222 1240 2287 praece·
1253 2185 1354 2294 ‘31¹²'

197 2308 319 2386 perant
340 2309 380 2368 ut
402 2305 445 2368 ad
467 2327 591 2371 novum
614 2326 723 2391 regem
745 2309 904 2391 pergeret,
931 2303 1077 2369 facturus
1099 2303 1130 2369 ei
1152 2304 1240 2388 quod
1252 2311 1354 2364 Balsa

198 2402 340 2482 deberet,
376 2412 484 2471 errata
516 2429 575 2471 sua
604 2428 681 2493 erga
714 2428 822 2494 regem
855 2406 1041 2492 corrigeret,
1076 2402 1270 2491 episeoposf·
1286 2408 1326 2456 Ν·

196 2507 492 2573 excommunicatos
529 2514 564 2573 et
607 2529 780 2594 suspensos
825 2507 965 2574 ecelesiae
1010 2505 1241 2571 reconciliaret.

198 2605 270 2688 Quo
285 2608 503 2694 respondente
525 2632 559 2674 se
581 2609 624 2675 ad
642 2610 810 2696 juniorem
832 2631 942 2696 regem
965 2609 1116 2674 accedere
1131 2608 1246 2696 probi-⁸

196 2708 305 2774 bitum
327 2711 435 2792 fuisse,
458 2712 550 2776 nulla
572 2720 680 2777 errata
703 2735 781 2800 erga
811 2734 919 2800 regem
949 2717 1160 2799 perpetrasse,
1182 2733 1242 2777 nec

196 2812 261 2877 nisi
276 2813 499 2879 satisfactione
514 2815 682 2901 praemissa
704 2837 877 2901 suspensos
892 2821 926 2880 et
941 2814 1242 2879 excommunicatos

196 2913 265 2979 fore
287 2914 512 2995 absolvendos,
536 2915 660 2981 milites
682 2917 719 2980 in
741 2917 848 2981 minas
871 2921 904 2982 et
926 2916 1145 3003 blasphemias
1167 2938 1240 3002 pro·

198 3022 366 3102 ruperunt.
425 3018 571 3082 Tandem
616 3019 746 3105 egressi,
792 3020 962 3085 commisso
1000 3018 1242 3104 archiepiscopo

197 3120 365 3186 monachis
387 3120 454 3185 suis
476 3145 518 3186 ne
540 3122 676 3208 fugeret,
699 3143 733 3187 ae
755 3126 922 3187 armantes
951 3122 1138 3186 universam
1161 3121 1243 3186 civi·

197 3227 302 3287 tatem
325 3221 597 3289 Oantuariensem
619 3229 875 3304 commoverunt,
899 3230 933 3289 et
955 3223 1115 3309 palatium
1138 3222 1242 3287 arohi-

197 3325 338 3411 episoopi
360 3347 418 3411 per
448 3324 681 3391 diverticulum
715 3326 880 3412 quoddam
913 3325 1052 3412 ingressi
1085 3324 1242 3409 archiepi-

197 3448 331 3513 scopum
354 3428 564 3513 quaesierunt
610 3427 695 3492 Inde
724 3433 837 3494 autem
860 3450 918 3514 per
940 3428 1177 3494 monasterium
1207 3427 1398 3490 innumeros

197 3530 364 3595 ecclesiam
387 3529 571 3616 ingressum
602 3530 722 3617 gladiis
744 3531 885 3595 vibratis
917 3504 1358 3616 comprehenderunt.¹³⁶⁰¹‘⁸¹·

29 3647 141 3697 Jomnu
198 3632 325 3713 Quibus
357 3632 412 3697 illa
444 3653 614 3697 occurrens
636 3632 774 3709 dixit-‘¹
787 3632 869 3698 Ecce
892 3653 961 3717 ego,
984 3631 1066 3716 quid
1089 3628 1244 3695 vultisl’'

31 3713 186 3845 {ffl‘m
199 3743 217 3770 “
233 3733 422 3814 Venimus,''
443 3735 610 3822 inquiunt,
625 3739 694 3799 “ut
709 3724 865 3799 occidaris
887 3739 923 3799 et
946 3733 1035 3798 ultra
1049 3733 1162 3798 vivere
1177 3753 1245 3797 non

31 3848 139 3897 001206.
198 3844 216 3873 “
231 3836 386 3901 valebi8.''
433 3836 562 3916 Quibus
585 3836 640 3901 ille
664 3836 760 3912 dixit,
793 3845 889 3916 “Ego
916 3862 970 3915 pro
988 3843 1051 3899 Deo
1069 3844 1144 3899 mori
1162 3861 1246 3914 para·

199 3953 218 3978 ‘⁸
240 3954 286 4005 tus
299 3966 365 4003 snm
383 3954 414 4003 et
430 3965 486 4019 pro
499 3947 685 4003 defensione²
693 3947 818 4018 justitias
831 3964 863 4001 ac
875 3945 1007 4001 ecclesias
1025 3944 1169 4000 libertate.
1208 3934 1245 3999 Si

200 4049 217 4078 ‘⁴
231 4061 310 4128 ergo
322 4061 373 4105 me
386 4039 546 4125 quaeritiS,
562 4067 597 4103 ex
615 4052 697 4119 parte
711 4047 767 4102 Dei
785 4045 925 4118 prohibeo
943 4051 974 4100 et
992 4044 1046 4100 snb
1063 4045 1245 4100 anathemm

201 4154 219 4178 ‘⁴
239 4172 275 4209 ne
287 4153 393 4208 horum
410 4151 547 4223 cuiquam
569 4140 652 4205 mihi
667 4140 914 4206 commissorum
929 4138 1138 4223 aliquatenus
1153 4158 1246 4203 noce·

33 4258 157 4310 Ibideol.
202 4251 219 4280 “
234 4246 306 4310 alia
351 4253 415 4308 Deo
433 4258 531 4310 autem
550 4259 580 4308 et
597 4252 689 4307 beatae
713 4251 817 4306 Marias
835 4256 866 4306 et
890 4240 1043 4305 omnibus
1065 4241 1189 4305 sanctis
1212 4266 1245 4303 ac

33 4330 91 4376 ²³¹·
200 4359 219 4384 “
238 4356 323 4411 beato
335 4354 468 4412 Dionisio
481 4371 598 4410 causam
609 4353 740 4410 ecclesia
752 4359 783 4408 et
794 4352 939 4425 meipsum
950 4337 1145 4408 commendo.”
1170 4341 1247 4406 Hiia

199 4448 333 4534 quidem
356 4447 453 4512 dictis
483 4446 705 4511 venerandum
736 4467 832 4511 suum
855 4449 957 4530 caput
978 4444 1097 4530 gladiis
1127 4444 1243 4530 impio-

235 4683 242 4712 ¹
260 4681 323 4730 mitti
328 4678 413 4746 juta]
432 4678 510 4741 misit,
522 4678 568 4730 Gr.
721 4680 727 4746 1
773 4678 784 4708 ¹
800 4675 950 4742 desmrone]
969 4675 1112 4735 amatione,
1124 4676 1148 4726 J.
1163 4676 1188 4725 S.

1047 4775 1070 4821 u
1095 4761 1115 4822 2
