3232 5692
389 1549 683 1643 PHILIPPUS
711 1546 886 1638 ABBAS
915 1543 1210 1639 SECUNDUS.

611 1863 992 1874 -..——--———--—-—

278 2089 303 2156 I.
326 2088 375 2153 Da
404 2087 570 2156 creatione
593 2089 758 2176 Philippi
780 2089 908 2155 (abbatia
930 2089 1069 2157 sectandi
1079 2088 1113 2169 ;¹
1138 2096 1167 2154 et
1189 2088 1326 2176 quibus-

367 2190 450 2257 aaa
473 2193 668 2258 tenementis
689 2193 732 2258 ia
760 2192 918 2277 Wapbaa,
942 2193 1097 2272 Sationes,
1120 2191 1268 2278 Ssoltupb,
1297 2198 1326 2259 ot

367 2294 406 2359 de
428 2294 605 2381 Eaeleodpb

279 2481 360 2548 CUM
394 2487 505 2546 autem
538 2482 696 2567 praefatus
727 2481 845 2560 Adam,
869 2482 971 2548 abbas
1002 2487 1115 2549 noster
1149 2484 1190 2548 de
1221 2483 1486 2548 Melaenae

278 2585 411 2672 primus,
436 2607 495 2649 suo
518 2584 666 2650 cessisset
690 2584 802 2661 officio,
827 2585 897 2671 ipso
929 2591 1132 2672 suggerente,
1155 2586 1327 2674 Philippus
1338 2565 1430 2692 {¹1¹5}

278 2686 366 2772 prior
388 2687 578 2753 monasterii
602 2688 643 2752 de
668 2687 886 2773 Kyrkestede,
911 2689 969 2774 qui
991 2691 1082 2775 prius
1104 2690 1193 2777 apud
1216 2690 1328 2754 Hove·
1422 2677 1429 2693 ⁸

279 2787 387 2853 diam⁹
403 2790 438 2854 in
449 2790 630 2876 Norwagia
645 2788 710 2855 fere
726 2813 784 2876 per
799 2791 1007 2877 septennium
1022 2791 1152 2857 abbatis
1169 2790 1328 2856 officium³

280 2898 440 2972 tenuerat,
456 2893 514 2957 sed
529 2897 663 2979 propter
678 2893 761 2958 aeris
776 2892 1004 2981 intemperiem
1027 2893 1070 2960 ad
1093 2895 1329 2960 monasterium

280 3017 376 3061 suum
399 2996 439 3060 de
464 2995 674 3082 Kyrkestede
698 3018 848 3061 reversus
870 3002 904 3062 et
927 2997 1050 3063 ibidem
1071 2999 1163 3085 prior
1185 2998 1328 3076 effeetus,

280 3100 315 3164 in
338 3104 486 3164 nostrum
509 3098 663 3164 abbatem
687 3100 727 3163 de
751 3099 854 3163 Melea
877 3099 999 3166 electus
1021 3099 1093 3166 fuit.
1140 3100 1206 3166 Hie
1229 3102 1327 3188 ergo‚⁴

280 3201 323 3266 ud
346 3206 495 3266 nostrum
518 3201 754 3265 monasterium
778 3201 818 3266 de
843 3202 947 3267 Melea
969 3195 1112 3279 veniens,
1131 3203 1238 3291 ipsum
1261 3225 1328 3267 mo-

280 3304 461 3368 nasterium
484 3304 729 3391 pauperrimum
751 3304 907 3385 invenit3
933 3304 990 3369 sed
1012 3304 1143 3392 ipsum⁵
1166 3305 1329 3370 Dominus

280 3428 338 3492 per
362 3405 449 3469 illius
472 3402 696 3469 industriam⁰
718 3405 815 3470 rebus
829 3411 864 3471 et
878 3406 1035 3494 religione
1051 3408 1157 3472 indies
1172 3429 1329 3493 angmen-

280 3506 390 3572 tavit.⁷
448 3506 550 3591 Cujus
589 3512 745 3594 tempore,
778 3506 944 3573 Robertus
974 3509 1063 3574 filius
1095 3511 1118 3574 J
1121 3511 1260 3576 ohannis
1290 3511 1468 3581 dewuhm·

283 3609 393 3689 Melea,
418 3609 510 3694 eujus
532 3609 768 3696 patrimonium
792 3617 864 3675 erat
886 3611 977 3698 priua
998 3613 1072 3699 ipsa
1094 3613 1206 3692 Melea,
1228 3635 1329 3679 imam

281 3713 438 3777 bovatam
461 3717 495 3776 et
516 3733 575 3776 aex
598 3712 776 3798 perticatas
805 3718 911 3793 terrae,
937 3718 972 3780 et
1004 3714 1166 3781 Rainerus
1188 3716 1230 3781 de
1253 3717 1330 3782 Sut-

281 3822 360 3881 tona
382 3814 520 3879 alteram
554 3814 712 3880 bovatam
748 3822 846 3880 terrae
878 3816 913 3880 in
936 3815 1097 3904 Waghna,
1121 3824 1234 3884 nostro
1261 3841 1330 3884 mo·

282 3917 428 3983 nasterio
451 3916 670 3982 contulerunt.
710 3916 800 3997 Quas
823 3917 905 3982 duas
927 3917 1067 3985 bovatas
1082 3921 1145 4008 ipsi
1161 3919 1331 3987 Johannes

283 4028 316 4086 et
340 4018 523 4087 Rainerus⁸
553 4018 713 4085 tenebant
744 4020 785 4086 de
816 4020 949 4088 domino
982 4022 1080 4089 Petro
1114 4024 1154 4090 de
1178 4024 1331 4112 Waghna

316 4261 322 4290 ¹
344 4258 502 4324 Philippi..
521 4257 656 4325 ‚mundq
683 4259 781 4310 abbatis
803 4260 807 4337 t
860 4260 964 4312 ‘Aster
975 4261 1120 4312 industriam
1131 4262 1209 4314 insert
1220 4271 1252 4325 et,
1264 4264 1294 4316 P.

286 4338 407 4403 Philippi,
419 4339 449 4389 P.
804 4348 807 4413 ἱ
864 4339 969 4390 'indies
991 4344 1166 4409 aupmentovit]
1192 4346 1224 4393 de
1246 4345 1288 4394 die
1304 4343 1331 4393 in

316 4417 399 4467 2ΤΙιεε
422 4417 562 4467 Cistercian
590 4424 734 4484 monastery
756 4419 788 4469 ot*
805 4428 808 4471 Ι
830 4421 898 4470 diem
910 4421 1064 4484 adauxitP.

285 4499 412 4548 Hovedoe.
863 4502 873 4529 ¹
894 4499 965 4560 Quas
983 4539 989 4551 .
1008 4539 1014 4551 .
1033 4539 1040 4552 .
1058 4501 1196 4570 Roianus]
1216 4505 1268 4568 Ipsi
1288 4519 1332 4554 au·

318 4577 463 4643 'officium
483 4578 573 4636 locum,
586 4578 616 4628 Ρ.
831 4587 883 4628 tem
910 4579 1041 4631 Johannes
1068 4590 1094 4632 et
1119 4582 1243 4634 Rainerue
1270 4598 1333 4649 pra·

320 4659 328 4687 ⁴
347 4657 416 4723 erpo]
436 4658 528 4723 itaque,
539 4658 568 4707 P.
807 4696 811 4735 p
831 4658 936 4723 scriptae
948 4667 1036 4720 terras,
1048 4660 1078 4711 P.

319 4739 328 4765 ³
344 4736 388 4785 sed
398 4736 489 4801 pisam]
509 4737 584 4800 quod,
595 4736 624 4786 P.
808 4760 810 4765 r
