3232 5692
474 805 659 855 PHILIPPUS
681 803 787 853 nanas
809 803 996 853 sscuunus.
1190 787 1253 851 193

215 1000 282 1043 non
315 979 513 1064 processisse,
545 984 581 1044 et
614 978 682 1063 ejus
716 999 854 1054 causam,
889 973 1040 1062 pontifex
1078 974 1253 1054 Romanus,
1266 980 1333 1030 ΑΒ.
1350 984 1408 1029 nor

214 1081 381 1167 usquead
413 1080 666 1146 amaritudinem
700 1080 818 1145 animae
851 1077 1055 1156 sollicitatus,
1085 1098 1142 1163 per
1173 1049 1394 1174 d¹¹⁰⁸a¹ilha

214 1183 296 1248 alios
331 1182 513 1248 cardinales
543 1204 653 1269 regem
676 1181 806 1268 Angliae
828 1180 1016 1265 requirebat
1039 1182 1078 1243 ut
1099 1177 1356 1268 arclriepi-Henry
1369 1197 1396 1239 ω

215 1305 311 1371 scopo
334 1307 411 1350 suus
433 1284 730 1370 archiepiscopatus
752 1305 827 1348 cum
850 1304 909 1347 sua
930 1280 1038 1368 gratia
1057 1279 1254 1344 redderetur.
1267 1263 1385 1374 {ffie

215 1386 257 1451 In
295 1408 360 1472 quo
398 1409 473 1451 cum
510 1386 596 1450 nihil
633 1385 855 1473 profecissent,
892 1386 937 1450 ad
981 1382 1256 1469 archiepiscopum

214 1488 385 1554 venientes
407 1490 438 1553 ei
461 1488 632 1575 negotium
664 1487 855 1553 retulerunt.
901 1487 947 1550 Et
969 1486 1120 1551 videntes
1144 1506 1256 1571 pacem

215 1590 306 1656 salvo
328 1590 451 1655 honore
482 1591 546 1656 Dei
579 1611 763 1677 processum
797 1612 864 1654 non
897 1588 1015 1653 habere
1037 1587 1192 1674 expedite
1213 1587 1257 1652 ad

214 1713 377 1757 summum
408 1693 595 1779 pontificem
623 1697 702 1757 sunt
723 1691 852 1756 reversi.
898 1690 971 1756 Rex
993 1698 1103 1757 autem
1126 1691 1256 1778 Angliae
1267 1698 1358 1764 Henry

214 1792 349 1858 tandem
371 1794 407 1857 in
430 1793 552 1860 Gallias
568 1794 711 1872 veniens,
726 1793 768 1858 ad
784 1794 978 1858 instantiam
1000 1794 1086 1879 regis
1101 1791 1256 1870 Franciae,
1268 1764 1379 1882 ξξξῗηω

216 1895 456 1982 archiepiscopo
479 1918 575 1961 suum
597 1895 911 1982 archiepiscopatum
941 1895 1082 1981 recipere
1104 1895 1257 1960 concede
1268 1897 1400 1977 symetro

216 1996 284 2073 bat,
318 1998 374 2062 sed
406 2005 519 2064 tamen
550 1998 638 2085 pacis
672 1997 817 2062 osculum
849 2001 984 2084 rogatus
1016 1998 1046 2062 ei
1084 1998 1256 2063 concedere
1267 1964 1424 2081 fflffl

216 2101 453 2166 contemnebat.
514 2100 785 2187 Archiepiscopus
814 2121 891 2187 crgo
920 2099 1124 2164 concordiam
1154 2120 1256 2184 usque
1269 2096 1417 2147 thckiaor

217 2201 259 2265 ad
282 2208 401 2266 nutum
424 2203 550 2269 domini
573 2224 667 2288 papae
700 2201 894 2288 protelabat.
942 2201 1122 2288 Episcopus
1155 2179 1401 2306 igstmffipe

216 2304 420 2382 Senonensis‚
443 2305 486 2369 ad
508 2326 627 2391 papam
649 2326 766 2389 aroge
791 2303 936 2370 Franciae
966 2303 1092 2383 missus,
1116 2304 1158 2368 ab
1188 2305 1258 2390 ipso
1269 2309 1396 2386 marens

215 2406 276 2472 hac
306 2407 412 2473 forma
443 2428 630 2493 supremum
665 2406 793 2470 exitum
827 2405 1035 2490 acquirebat;
1069 2405 1155 2490 quod
1189 2384 1390 2492 ipseffl'ffl‘

215 2531 301 2595 papa
324 2509 581 2595 Rothomagensi
612 2507 853 2594 archiepiscopo
887 2512 921 2573 et
956 2507 1107 2594 episcopo
1138 2507 1258 2573 Niver-

216 2612 309 2674 nensi
331 2611 543 2699 praecipiebat
566 2616 605 2674 ut
628 2632 736 2696 regom
751 2609 936 2695 Anglorum
951 2631 1009 2695 pro
1024 2631 1102 2696 pace
1118 2609 1259 2675 ecclesiae

216 2714 437 2791 convenirent,
462 2714 570 2800 ipsum
594 2713 922 2788 excommunicarent,
937 2716 1059 2777 terram
1083 2735 1176 2777 suam
1199 2712 1260 2777 sub

216 2815 392 2879 interdicto
415 2820 583 2901 ponerent,
606 2814 671 2878 nisi
703 2814 940 2900 archiepiscopo
975 2813 1205 2879 Cantuariensi
1227 2819 1261 2878 et
1287 2801 1289 2804 ’

218 2939 284 2982 suae
308 2916 449 2982 ecclasiae
470 2939 538 3003 pax
560 2938 702 3002 congrua
733 2916 932 2980 redderetur.
990 2915 1117 2995 Quibus
1149 2938 1258 3002 regem
1271 2926 1360 2992 Henry

217 3019 425 3099 adeuntibus,
448 3019 479 3083 ei
501 3019 542 3083 de
557 3041 636 3105 pace
651 3018 902 3084 comminarunt.
949 3020 997 3081 At
1018 3019 1088 3103 ipss
1110 3019 1147 3081 in
1169 3023 1260 3082 arcto
1272 2993 1368 3109 fflss
1377 3067 1404 3108 ,ο
1456 3085 1462 3097 ,

217 3121 344 3206 positus
367 3140 479 3206 pacem
501 3119 735 3206 promittebat3
766 3142 839 3204 quae
862 3120 949 3183 inter
971 3119 1079 3205 ipsum
1101 3125 1136 3184 et
1158 3119 1404 3190 archi-hisnem·

218 3223 405 3308 episcopum
428 3221 577 3309 pluribus
599 3221 822 3286 mediantibus
837 3221 944 3285 fuerat
966 3222 1149 3286 reformata
1188 3222 1259 3286 Rex

217 3346 302 3410 erge,
345 3323 583 3410 archiepiscopo
614 3323 825 3389 restitutione
870 3323 1055 3388 ablatorum
1091 3324 1259 3411 promissa,

217 3427 249 3492 ei
283 3448 358 3491 cunr
390 3426 457 3491 suis
491 3426 643 3491 omnibus
673 3425 832 3490 redeundi
864 3425 1030 3490 licentiam
1051 3426 1259 3492 condonavit.

219 3528 283 3618 Oui
318 3550 404 3593 anno
437 3527 458 3596 7
491 3528 582 3592 exilii
620 3527 670 3591 sui
708 3527 797 3612 apud
835 3527 1046 3592 Sandwicum
1083 3528 1412 3615 applicantiltctumof

218 3630 342 3694 milites
365 3629 484 3692 armati
507 3629 542 3692 in
565 3629 617 3692 sui
632 3628 786 3712 injuriam
803 3635 1021 3694 occurrerunt.
1058 3628 1124 3695 Sed
1138 3635 1260 3710 tamen,
1272 3607 1375 3659 Becker.

216 3730 259 3794 ob
290 3731 509 3795 reverentiam
540 3729 760 3794 archidiaconi
793 3729 991 3794 Senonensis
1024 3731 1081 3816 qui
1118 3753 1192 3797 cum
1222 3754 1260 3798 eo

218 3838 361 3909 venerat,
384 3840 418 3897 et
441 3832 482 3896 0b
505 3832 673 3897 collectam
696 3831 937 3918 archiepiscopo
960 3833 1051 3919 vulgi
1075 3835 1261 3899 multitudi-

217 3958 302 4014 nem,
326 3936 356 3999 ei
387 3934 430 3998 ad
461 3939 592 4020 tempus
624 3933 822 3999 deferebant.
882 3933 1096 4000 Cantuariam
1128 3937 1261 4022 quidem

218 4039 347 4102 intrans
370 4059 390 4100 a
413 4037 482 4100 suis
504 4042 675 4122 susceptus
709 4043 748 4100 ut
782 4036 902 4114 decuit,
935 4037 1050 4102 domus
1075 4060 1196 4104 vacuas
1227 4045 1261 4104 et

218 4139 336 4204 horrea
366 4138 524 4204 demolita
556 4138 727 4224 reperiens,
763 4137 911 4204 ecclesias
945 4160 1019 4205 suas
1054 4146 1088 4205 et
1119 4141 1258 4229 oppida¹

219 4240 370 4326 quaedam
397 4241 433 4304 in
454 4239 608 4305 manibus
630 4240 834 4305 intrusorum
856 4246 891 4306 et
912 4242 1104 4326 praedonum
1127 4265 1262 4332 occupa·

218 4349 270 4408 tas
291 4363 361 4407 esse
376 4341 600 4428 deprehendit.
646 4341 758 4408 Primo
773 4343 859 4407 enim
876 4343 927 4407 sui
942 4344 1096 4425 adventu,
1112 4346 1263 4412 officiales
1274 4359 1316 4410 He
1326 4361 1421 4411 refusa

219 4445 312 4532 regii,
327 4444 370 4510 ab
393 4443 633 4531 archiepiscopo
649 4444 847 4511 Eboracensi
869 4451 905 4511 et
927 4447 1085 4534 episcopis
1099 4428 1428 4544 Londoni-{sse⁸{{⁰,¹0'„²¹,

593 4711 600 4744 ¹
614 4709 719 4777 oppido]
739 4711 820 4777 opida,
833 4711 890 4765 MS.
