3256 5692
371 797 435 860 146
700 809 799 860 anu
820 808 931 859 lunas
952 808 1091 859 sumre

203 999 332 1065 Tbeyde·
369 996 388 1021 “

203 1068 322 1117 κήικω
371 1096 391 1125 (ς

204 1135 257 1183 him
269 1133 313 1183 the

204 1199 332 1250 satureo!
372 1200 391 1226 ‘⁴

204 1268 325 1331 panorm
371 1301 390 1330 u

411 1008 476 1073 qua
510 991 646 1075 propter
680 985 915 1051 inobedientiae
943 984 1073 1072 culpam
1103 990 1155 1049 est
1177 982 1289 1049 Adam
1309 988 1415 1072 proto

413 1088 562 1177 plastus¹
608 1090 739 1175 ejectus.
795 1088 1032 1155 Poenitentiam
1066 1092 1178 1154 autem
1211 1110 1312 1175 qnam
1342 1094 1417 1155 ante

413 1198 553 1257 mortem
592 1193 646 1257 vel
685 1192 721 1257 in
752 1192 910 1258 extremis
944 1191 1155 1278 suscepimus,
1187 1212 1248 1257 neo
1280 1213 1355 1256 eam
1384 1190 1417 1256 in

412 1295 486 1359 vita
508 1295 702 1381 peregimus,
725 1300 802 1382 post
831 1294 940 1360 earnis
968 1294 1164 1359 solutionem
1186 1293 1230 1358 in·
1244 1293 1326 1360 loeis
1347 1314 1418 1381 quoe

372 1404 390 1433 “
416 1397 530 1462 vidisti
560 1398 756 1485 poenalibus,
778 1397 835 1462 alii
857 1397 992 1482 majoris
1024 1396 1084 1461 ulii
1104 1397 1240 1462 minoris
1262 1397 1418 1484 temporis

343 1536 349 1547 ·
372 1510 389 1535 “
413 1500 521 1587 elatio
552 1501 731 1566 secundum
754 1500 888 1565 modum
910 1499 1089 1586 culparum,
1111 1503 1277 1565 tomenta
1298 1498 1418 1564 luendo

373 1612 389 1636 “
414 1602 685 1689 [remolvebamus.
732 1602 856 1668 Omnes
878 1608 988 1669 autem
1014 1602 1058 1667 sd
1087 1601 1171 1669 hano
1192 1602 1340 1689 requiem
1362 1624 1418 1690 per

374 1712 391 1741 ‘¹
413 1706 471 1772 illa
504 1706 576 1771 loca
608 1705 832 1771 transivimus
877 1704 1039 1771 Similiter
1069 1715 1105 1770 et
1134 1726 1353 1793 omnesquae
1383 1706 1417 1771 in

372 1816 390 1844 “
413 1809 553 1897 singulis
584 1808 663 1875 locis
691 1807 818 1886 vidisti,
841 1812 961 1896 praeter
990 1829 1045 1874 eos
1067 1809 1124 1895 qui
1145 1807 1235 1874 infra
1256 1830 1294 1875 os
1326 1810 1417 1898 putei

370 1921 387 1946 “
412 1912 613 1990 detinentur,
646 1915 819 1999 postquam
865 1912 997 1999 purgati
1034 1910 1168 1990 fuerint,
1204 1912 1343 1977 tandem
1376 1912 1417 1979 ad

370 2023 387 2051 “
411 2018 508 2081 istam
530 2016 677 2101 requiem
700 2014 870 2079 venientes
893 2013 1121 2081 salvabuntur.
1152 2013 1218 2080 Sed
1232 2019 1269 2080 et
1283 2014 1417 2102 quidam

370 2127 387 2155 “
411 2118 559 2205 quotidie
593 2117 728 2205 purgati
766 2117 917 2194 veniunt,
954 2138 1036 2203 quos
1072 2117 1295 2204 suscipientes,
1334 2117 1419 2183 sicut

371 2230 390 2258 “
413 2228 448 2287 ot
482 2226 516 2287 te
550 2219 760 2307 suscepimus,
798 2242 872 2285 cum
909 2219 1030 2307 gaudio
1067 2219 1132 2286 buo
1168 2219 1417 2287 introducimus.

372 2336 387 2360 ‘⁴
412 2324 535 2389 Eorum
557 2345 636 2389 vero
659 2324 716 2409 qui
740 2323 775 2387 in
798 2322 906 2410 poenis
941 2327 1031 2399 sunt,
1053 2322 1166 2388 nullus
1186 2323 1283 2389 novit
1305 2345 1417 2411 quam·

372 2438 387 2463 ‘¹
413 2429 471 2492 diu
494 2427 744 2514 torquebuntur.
790 2425 855 2490 Per
883 2426 999 2490 missas
1021 2431 1144 2507 autem,
1165 2427 1315 2513 psalmos
1346 2448 1418 2494 ora·

372 2531 519 2595 “tiones
549 2534 584 2594 et
616 2528 866 2615 eleemosynas,²
899 2527 1029 2614 quoties
1062 2550 1120 2615 pro
1153 2530 1200 2593 eis
1229 2529 1328 2609 fiunt,
1358 2535 1417 2597 aut

370 2639 386 2668 ‘³
410 2654 522 2697 eorum
556 2635 723 2697 tormenta
754 2630 952 2717 mitigantur
993 2636 1053 2697 aut
1085 2631 1122 2696 in
1152 2632 1281 2698 minora
1313 2643 1417 2699 trans·

370 2744 387 2770 “
410 2736 571 2811 seruntur,
587 2732 689 2798 donee
712 2733 847 2797 omnino
870 2732 1032 2818 pertalis
1054 2732 1213 2801 beneficia
1227 2734 1417 2802 liberentur.

369 2846 386 2874 “
411 2838 465 2903 Ad
488 2838 575 2902 hunc
597 2840 710 2902 autem
732 2834 853 2921 quietis
868 2835 975 2900 locum
991 2856 1067 2901 oum
1081 2837 1245 2917 venerint,
1259 2839 1418 2925 quamdiu

369 2951 387 2977 “
409 2941 462 3007 hio
497 2939 644 3006 mansuri
673 2938 798 3005 fuerint
831 2937 992 3004 nesciunt.
1038 2938 1134 3005 Sicut
1161 2941 1250 3006 enim
1281 2941 1318 3006 in
1339 2942 1418 3009 loeis

370 3051 389 3080 “
412 3044 595 3133 poenalibus
629 3041 807 3108 seeundum
830 3041 999 3127 culparum
1023 3042 1245 3127 quantitatem
1267 3046 1418 3111 morandi

372 3159 388 3184 “
410 3148 597 3235 percipiunt
619 3145 773 3232 spatium,
795 3143 845 3208 ita
875 3147 909 3208 et
939 3144 998 3229 qui
1020 3144 1073 3210 hio
1095 3166 1215 3223 sumus,
1239 3148 1418 3215 seeundum

373 3260 388 3284 “
412 3252 531 3317 merita
552 3250 638 3315 bona
668 3247 741 3334 plus
770 3246 921 3311 minusve
947 3246 1131 3312 morabitur
1153 3248 1189 3312 in
1211 3248 1277 3315 ista
1298 3252 1417 3337 requie.

371 3361 387 3389 “
412 3354 457 3418 Et
479 3353 555 3418 licet
578 3374 598 3415 a
620 3350 728 3437 poenis
751 3347 886 3415 omnino
909 3347 1007 3414 liberi
1030 3370 1153 3431 sumus,
1177 3351 1219 3415 sd
1242 3372 1417 3440 supernam

371 3465 390 3492 “
414 3460 601 3520 sanctorum
623 3453 776 3518 letitiam
799 3451 946 3516 nondum
976 3450 1148 3517 ascendere
1175 3451 1266 3540 digni
1297 3476 1417 3521 sumus

371 3568 386 3593 “
413 3558 493 3622 ane
516 3555 569 3619 bio
583 3560 622 3619 ut
644 3553 736 3618 vides
751 3554 787 3616 in
801 3575 922 3640 magna
943 3553 1055 3638 requie
1077 3575 1198 3632 sumus,
1213 3560 1338 3643 etpost
1353 3563 1417 3623 ter-

371 3668 387 3697 “
413 3661 537 3723 minum
560 3655 697 3742 singulis
719 3656 937 3722 constitutum
959 3657 995 3720 in
1017 3657 1172 3742 majorem
1195 3659 1418 3727 transibimus

371 3759 566 3841 “Quotidie
600 3757 687 3823 enim
709 3758 847 3823 societas
880 3759 1119 3844 quodammodo
1149 3762 1263 3827 crescit
1294 3766 1330 3827 et
1362 3763 1418 3829 de·

372 3872 389 3900 “
412 3863 533 3938 erescit,
556 3862 635 3926 dum
658 3860 796 3947 siugulis
818 3859 933 3925 diebus
956 3867 990 3926 et
1019 3863 1161 3949 apoenis
1183 3864 1226 3928 ad
1248 3886 1319 3943 uos,
1341 3870 1377 3931 et
1398 3888 1431 3934 a.

372 3976 388 4002 “
413 3965 507 4031 uobis
522 3965 559 4029 in
574 3964 737 4030 coelestem
752 3962 940 4050 paradisum
955 3964 1165 4031 ascendunt.”
1211 3965 1289 4032 Hiis
1311 3968 1417 4047 dietis,

371 4072 573 4135 assumentes
595 4065 735 4131 militem
757 4087 866 4131 seeum
888 4066 924 4130 in
947 4072 1092 4132 montem
1115 4089 1227 4146 unum,
1245 4070 1417 4156 jusserunt

373 4178 410 4236 ut
433 4193 562 4236 sursum
586 4168 747 4256 aspiciens
770 4167 893 4234 diceret
915 4168 1098 4254 cujusmodi
1128 4171 1245 4237 eoloris
1266 4173 1296 4238 ei
1319 4196 1418 4261 supra

371 4298 405 4339 se
443 4274 560 4339 ooelum
596 4271 770 4336 videretur.
833 4269 961 4351 Quibus
999 4271 1053 4336 ille
1086 4274 1264 4361 respondit,
1298 4277 1417 4341 “Auro

372 4384 391 4413 ί(

413 4376 496 4441 mihi
530 4372 658 4439 simile³
687 4373 821 4439 videtur
851 4373 981 4440 ardenti
1012 4375 1048 4439 in
1071 4374 1226 4443 fornace.''
1272 4384 1289 4413 “
1307 4378 1417 4456 Heeo,”

546 4558 662 4565 ---.·
684 4557 978 4565 -—-----..-..----
989 4558 1022 4565 -ιι-
1033 4559 1167 4568 ...ῥ-

406 4631 600 4699 ¹proloplurms]
613 4633 804 4696 prothoplastus,
812 4632 868 4683 MS.
952 4635 962 4663 ¹
978 4633 1067 4700 simile]
1087 4635 1202 4695 similem,
1216 4636 1272 4688 MS.

404 4718 414 4745 '¹’
430 4713 599 4777 eleemosynas]
620 4712 774 4769 elemosinas,
786 4711 842 4762 MS.
