3232 5692
532 784 672 836 rsouss
693 783 800 836 assas
822 783 976 836 rssrrus
1216 773 1278 838 281

236 962 328 1029 iisset
351 962 388 1028 in
402 962 660 1051 redemptionem
677 963 764 1051 regia
780 961 923 1041 Ricardi‚
938 965 973 1027 et
996 967 1158 1048 quantum
1174 960 1448 1028 esset¹s1auaa

237 1066 408 1132 collectum
453 1088 510 1155 per
558 1066 707 1132 dominos
745 1086 865 1132 eorum.
926 1063 1011 1131 cum
1053 1087 1130 1152 ergo
1174 1069 1284 1130 toturn

236 1191 374 1257 regnum
396 1171 432 1235 in
454 1192 567 1235 eorum
590 1168 738 1234 adventu
760 1172 794 1234 et
820 1167 982 1255 praecipue
1004 1167 1134 1233 abbatis
1168 1167 1284 1233 freme-

236 1279 295 1348 ret,
330 1273 417 1339 idem
448 1273 550 1340 abbas
581 1278 659 1338 ante
683 1272 809 1337 Pascha
842 1271 1020 1336 defunctus
1051 1274 1111 1347 est,
1134 1270 1285 1357 nihilque

236 1380 348 1441 aetum
371 1383 421 1442 est
443 1375 541 1462 hujus
562 1374 796 1463 inquisitionis.
842 1383 888 1437 De
906 1381 1064 1437 Willielmo
1091 1399 1207 1454 quoque
1226 1387 1285 1437 tra

237 1485 361 1543 debatur
378 1488 456 1560 quod
467 1487 701 1543 Londoniiserat
719 1485 870 1550 oriundus,
898 1475 987 1539 filius
1014 1474 1147 1540 Osberti
1169 1474 1284 1540 alerici.

237 1586 266 1640 A
284 1587 376 1642 barba
400 1589 513 1660 prolixa
537 1606 624 1659 quam
649 1587 723 1643 fovit
747 1603 907 1657 cognomen
932 1585 1061 1656 accepit3
1091 1603 1178 1657 qnam
1212 1577 1285 1641 ideo

237 1681 362 1734 nutrivit
390 1687 424 1736 nt
452 1682 505 1737 tali
539 1681 647 1751 insigni
677 1680 708 1735 in
738 1685 817 1735 coetn
848 1683 877 1734 et
906 1676 1063 1734 concione²
1092 1679 1187 1748 magis
1217 1695 1284 1733 con·

237 1763 376 1833 spicuus³
403 1772 433 1820 et
461 1766 627 1837 spectabilis
656 1767 819 1836 appareret.
864 1762 921 1833 Qui
957 1781 1024 1818 eum
1060 1768 1139 1818 esset
1167 1762 1284 1833 ingenie

237 1863 313 1910 acer,
343 1849 529 1905 mediocriter
558 1849 714 1913 litteratus,
742 1850 882 1919 eloquens
913 1865 1002 1920 snpra
1028 1846 1156 1909 modum,
1184 1845 1284 1900 innata

238 1930 363 1999 quadam
381 1933 470 1988 animi
489 1939 519 1989 ct
536 1950 651 1987 morum
668 1932 840 2004 petulantia,
860 1948 964 1987 nomen
983 1930 1040 1986 sibi
1058 1930 1169 2002 grande
1188 1931 1284 1986 facere

237 2014 347 2080 volens,
376 2017 474 2072 moliri
500 2035 575 2072 nova
600 2023 630 2072 et
654 2016 762 2072 audere
789 2016 923 2087 ingentia
946 2015 1044 2087 coepit.
1084 2014 1217 2086 Denique
1240 2012 1392 2068 in-troa

237 2098 364 2154 humana
382 2107 412 2156 et
437 2101 591 2173 impudens
611 2100 675 2172 ejus
693 2101 770 2157 actio
795 2101 826 2154 in
854 2099 1007 2171 proprium
1025 2116 1198 2170 germanum
1224 2098 1284 2169 sig·

237 2201 308 2236 num
337 2191 402 2240 erat
430 2185 556 2240 vesaniae
586 2185 650 2256 ejus
680 2185 712 2240 in
740 2184 882 2240 castores.⁴
927 2183 1005 2238 Nam
1035 2183 1156 2238 fratrem
1187 2201 1282 2247 snum,

237 2266 467 2324 Londoniensem
494 2269 598 2333 civem,
626 2269 677 2340 qui
707 2286 774 2323 enm
804 2267 835 2321 in
865 2264 972 2323 scholis
998 2267 1177 2330 exhibuerat,
1206 2267 1284 2338 apud

237 2367 339 2421 regem
366 2358 502 2423 tanquam
528 2354 620 2424 regim
646 2351 820 2424 proditionis
850 2369 945 2415 reum,
973 2368 1027 2421 pro
1053 2367 1087 2405 eo
1116 2350 1193 2421 qnod
1219 2367 1284 2422 pro·

237 2434 348 2489 fusiora
383 2437 469 2492 solito
500 2441 671 2507 sumptuum
707 2434 811 2491 solatia
839 2452 898 2489 non
932 2433 1111 2499 refunderet,
1142 2434 1284 2489 instanter

237 2519 399 2574 accusabat.
439 2519 498 2575 Sed
525 2519 659 2591 quamvis
684 2536 702 2573 a
729 2518 862 2590 principe
893 2518 924 2572 in
953 2517 1009 2572 hoe
1039 2517 1154 2572 derisus
1184 2517 1282 2582 inerit,
1296 2526 1412 2579 william

237 2602 334 2657 favore
360 2603 542 2674 quorundam
568 2604 645 2659 inter
669 2602 861 2673 magistratus
878 2599 1095 2656 Londonienses
1118 2600 1216 2656 locum
1235 2601 1283 2655 ob·
1297 2593 1452 2672 ,1¹⁰⁰8b021d

236 2685 333 2741 tinuit.
383 2686 518 2758 Denique
549 2686 729 2743 clandestina
758 2702 847 2757 opera
879 2691 910 2740 et
948 2685 1098 2740 venenatis
1135 2683 1283 2740 susurris‘
1296 2661 1418 2779 32⁸3?

236 2770 314 2841 apud
331 2770 455 2842 plebem,
470 2770 596 2826 divitum
607 2770 793 2827 insolentiam
806 2785 865 2839 qua
878 2785 1022 2839 pauperes
1039 2768 1160 2840 indigne
1178 2776 1284 2825 tracta·
1294 2795 1386 2846 dom

235 2853 342 2909 bantur
360 2855 535 2926 suggillans,
549 2855 710 2911 mediocres
729 2853 767 2908 ad
784 2851 983 2908 immoderatae
998 2852 1142 2908 libertatis
1155 2870 1284 2908 amorem
1296 2861 1397 2926 against
1407 2861 1451 2913 the

235 2938 427 3003 inflammans,
455 2940 527 2994 adeo
552 2939 694 3010 plurimos
713 2937 799 3009 qnasi
824 2936 985 3007 praestigiis
1013 2936 1208 2992 fascinnatos⁶
1227 2937 1284 2992 sibi
1297 2927 1417 2997 ¹¹⁰bffit7·

236 3022 375 3089 devinxit,
403 3029 438 3078 ut
467 3023 502 3077 52
531 3023 628 3078 millia
652 3021 901 3077 Londeniensinm
926 3018 1131 3091 indigenarum
1155 3020 1193 3076 ad
1219 3020 1284 3092 ejus

236 3111 349 3171 nutum,
363 3116 502 3178 tanquam
519 3105 665 3161 communi
684 3110 855 3161 cunctorum
871 3104 1026 3175 provisori,
1040 3103 1282 3175 obtemperarent.

236 3189 328 3244 Tanto
355 3206 426 3260 ergo
453 3190 546 3245 fretus
572 3189 755 3245 consciorum
781 3204 913 3253 numere,
942 3193 1081 3258 tanquam
1106 3188 1204 3243 zelans
1231 3206 1285 3258 pro

236 3274 413 3345 pauperculo
430 3274 539 3346 populo
557 3277 588 3329 et
607 3273 758 3328 commodo
776 3272 869 3343 regio,
891 3271 981 3342 coepit
1006 3288 1073 3326 cnm
1100 3272 1179 3327 omni
1206 3278 1284 3327 coetu

235 3356 383 3412 nobilibus
412 3357 561 3423 resistere,
594 3355 777 3428 praetendens
809 3353 888 3426 qnod
918 3371 1019 3409 eornm
1049 3356 1152 3410 frauda
1178 3353 1285 3411 fiscus⁷

235 3449 394 3521 plurimum
413 3448 568 3519 deperiret.
607 3447 742 3518 Cumque
767 3447 812 3500 illi
833 3441 907 3524 post
930 3438 1000 3503 haec
1019 3453 1120 3502 contra
1136 3465 1204 3503 eum
1228 3448 1285 3502 fre·

235 3547 357 3605 merent,
376 3540 577 3597 transfretavit
601 3541 652 3595 ille
670 3540 708 3595 ad
726 3557 839 3611 regern,
859 3557 913 3611 pro
941 3539 1025 3610 cujus
1050 3539 1108 3593 fide
1134 3545 1284 3610 potentum

235 3625 359 3695 injurias
385 3642 416 3680 aa
443 3642 615 3697 perpessum
643 3623 820 3678 ostendebat.
857 3623 930 3678 Inde
958 3640 1096 3678 reversus
1124 3623 1283 3679 ealliditate

236 3709 322 3764 solita
339 3709 428 3781 coepit
446 3707 482 3763 de
500 3715 616 3772 caetaro,
635 3713 774 3778 tanquam
793 3707 876 3778 regio
894 3706 994 3762 favore
1012 3706 1162 3773 subnixus,
1182 3707 1284 3764 fidnci-

236 3792 312 3848 alius
337 3809 425 3863 agere
453 3799 483 3848 et
508 3791 642 3863 proprios
668 3790 824 3861 complices
849 3790 953 3845 fortius
972 3791 1110 3846 animare.
1149 3790 1283 3863 (luraque

232 3876 296 3949 jam
326 3876 418 3932 initae
433 3875 655 3948 conspirationis
681 3892 782 3929 rumor
809 3874 1033 3945 percrebuisset,
1062 3874 1283 3933 Cantuariensis

236 3959 472 4031 archiepiscopus
485 3959 647 4025 Hubertns,
661 3959 709 4014 cui
727 3958 813 4029 regni
824 3958 957 4029 regimen
970 3959 1159 4014 commissum
1177 3959 1281 4026 fuerat,

236 4044 352 4116 plebem
370 4049 518 4109 convocat,
538 4048 621 4099 natos
647 4059 779 4098 rumores
798 4042 911 4106 recitat,
931 4042 969 4097 ad
986 4041 1144 4098 tollendam
1167 4061 1283 4099 omnem

237 4129 387 4184 sinistram
406 4128 619 4199 suspectionem
636 4126 752 4182 obsides
771 4125 834 4181 dari
857 4132 953 4197 regat.
990 4126 1064 4198 Ejus
1082 4126 1282 4199 blandiloquio

237 4213 363 4284 populus
395 4212 526 4282 placatus
565 4211 755 4281 obtemperat,
790 4209 906 4266 obsides
936 4210 1033 4266 donat.
1082 4210 1281 4268 Nihilominus

272 4429 280 4460 ¹
291 4428 365 4494 esset]
378 4443 432 4477 esse
443 4426 470 4476 in
481 4425 538 4478 MS.
816 4427 958 4493 ’Μυτίῇ
972 4428 1092 4493 suspiriis,
1104 4428 1136 4480 R.
1148 4430 1183 4482 H.

272 4506 416 4572 2οωιείωιι]
430 4505 570 4566 comcione,
581 4506 638 4558 MS.
816 4509 826 4536 ⁸
828 4506 1002 4572 fascinantes]
1015 4507 1162 4571 sacinnatos,
1173 4508 1229 4561 MS.

272 4585 449 4651 'maspieaaq
463 4585 629 4650 conspiciens,
639 4586 695 4638 MS.
817 4585 931 4653 'strand
950 4585 1020 4650 fisco,
1040 4586 1107 4647 MS,
1129 4603 1157 4638 as
1179 4589 1232 4640 also
1254 4591 1282 4641 in

272 4665 404 4731 4σιειενοε]
417 4664 521 4728 caseis,
529 4664 559 4715 R.
571 4665 605 4717 Η.
783 4664 813 4716 s
825 4664 860 4714 Η.
