3232 5692
552 760 701 813 enonas
721 759 830 813 assas
851 758 1003 813 erasme
1242 745 1307 818 279

263 935 394 1002 Deinde
431 935 519 1001 infra
555 935 656 1002 breve
692 933 845 1022 praedicti
882 935 947 1001 duo
980 955 1073 1025 reges
1106 935 1236 1025 Angliae
1273 942 1389 1005 etan.
1403 949 1474 1010 1¹⁹⁷,

265 1038 412 1107 Francias
434 1039 522 1105 diem
545 1039 588 1103 ad
614 1038 826 1104 tractandum
851 1037 892 1103 de
913 1058 992 1124 pace
1021 1039 1242 1127 assignarunt,
1264 1044 1306 1122 et,
1319 1016 1398 1142 2¹22

270 1143 437 1208 mediante
469 1142 568 1208 Petro
599 1140 756 1230 capuano
780 1140 966 1229 apostolicae
997 1142 1083 1209 sedis
1115 1141 1233 1230 legato,
1256 1144 1306 1208 in-
1319 1108 1428 1222 agreedoe

265 1246 369 1312 duciae
390 1247 433 1311 ad
455 1267 580 1311 annum
602 1251 682 1312 sunt
710 1266 877 1312 concessae.
933 1243 1026 1310 Tunc
1054 1267 1130 1334 rege
1156 1246 1306 1326 Ricardo,
1319 1239 1396 1289 “9⁰³⁹

263 1371 322 1435 pro
344 1349 467 1417 virium
496 1349 743 1437 recuperatione
773 1353 808 1415 et
838 1370 937 1436 opum
960 1348 1116 1429 utilitate,
1140 1348 1184 1441 ad
1207 1349 1308 1416 Turo-

261 1474 343 1517 num
377 1474 450 1519 cum
486 1453 634 1520 exercitu
670 1452 829 1519 redeunte
866 1451 1054 1539 ibidemque
1087 1473 1145 1540 per
1182 1473 1307 1518 annum

261 1560 491 1637 commorante,
514 1556 641 1622 fiebant
666 1556 804 1621 tandem
837 1554 879 1622 ab
909 1555 1057 1621 exercitu
1078 1559 1307 1622 torneamenta
1319 1551 1433 1607 Tourm-

260 1658 319 1724 diu
341 1659 528 1724 intermissa
558 1661 652 1746 quasi
682 1656 844 1724 bellorum
873 1658 1042 1746 praeludia,
1065 1680 1130 1723 non
1153 1658 1307 1726 obstante
1318 1629 1408 1675 nens.

260 1761 370 1847 papsii
392 1762 623 1847 prohibitione.
667 1761 691 1827 J
692 1761 838 1828 ohannes
868 1783 997 1847 quoque
1014 1758 1121 1828 'frater
1141 1763 1228 1850 regis
1250 1751 1413 1828 Ri-Pfinoe

260 1862 359 1944 cardi,
381 1865 439 1949 qui
455 1864 528 1950 jam
549 1866 620 1952 regi
635 1863 838 1930 Francorum
853 1869 967 1930 contra
988 1864 1157 1952 proprium
1171 1864 1307 1931 fratrem
1318 1819 1474 1967 1111111110

260 1965 453 2047 adhaeserat,
490 1967 612 2054 quique
644 1967 716 2052 jam
752 1967 837 2032 nihil
878 1966 998 2032 habuit
1037 1967 1150 2054 nilque
1186 1968 1309 2056 potuit,
1322 1953 1443 2007 ffichnu

260 2074 388 2155 spretus
411 2075 461 2136 est
483 2093 504 2135 a
525 2093 601 2158 rege
624 2069 832 2136 Francorum.
878 2069 1047 2136 Mediante
1068 2075 1181 2136 tamen
1204 2075 1309 2137 matrs

260 2193 322 2237 sua
343 2172 501 2238 Alienora
522 2174 564 2239 ad
586 2195 696 2260 regem
726 2172 905 2239 Ricardum
931 2171 1090 2259 supplex¹
1115 2172 1207 2250 adiit,
1229 2173 1309 2238 fids·

260 2273 338 2339 liter
360 2276 391 2341 ei
413 2276 453 2340 de
476 2280 594 2342 caetero
610 2276 821 2342 militaturus,
870 2274 1031 2340 Referunt
1046 2280 1157 2340 autem
1173 2277 1307 2362 quidam

260 2378 347 2463 ipsas
367 2378 516 2444 inducias
530 2399 589 2465 per
603 2378 867 2465 quinquennium
883 2377 1058 2443 duraturas
1073 2382 1186 2464 captas
1199 2378 1307 2458 fuisse,

261 2486 300 2546 ut
322 2503 382 2547 rex
404 2488 543 2568 uterque
572 2480 735 2546 bellorum
765 2480 938 2567 dispendio
961 2479 1148 2545 intermisso
1170 2481 1213 2546 ad
1235 2502 1309 2568 pro·

260 2583 367 2670 priam
388 2582 531 2671 patriam
553 2588 722 2650 remearet
779 2583 850 2648 Nec
881 2583 988 2648 multo
1017 2586 1092 2669 post
1121 2604 1182 2648 rex
1204 2574 1481 2650 Fran·Eraetionof

259 2708 371 2752 corum
394 2708 498 2750 unum
520 2708 644 2751 novum
667 2689 813 2752 castrum
842 2707 944 2773 prope
966 2687 1132 2772 quandam
1154 2643 1462 2775 saraceniff‘ffi

260 2811 354 2853 suam
377 2789 597 2868 construebat,
620 2811 678 2876 per
711 2789 801 2874 quod
834 2792 907 2855 tota
938 2788 1068 2855 forestae
1098 2789 1309 2877 cnmnoegio
1322 2783 1476 2894 {mim

261 2892 465 2960 vastabatur.
513 2892 609 2973 Quod
632 2892 845 2979 perpendens,
872 2889 1032 2956 Ricardus
1055 2914 1115 2957 rex
1136 2892 1311 2959 mandavit
1321 2858 1453 2963 mbmtiuoce.

261 2994 332 3082 regi
369 2995 518 3061 Francias
554 2995 663 3081 ipsum
700 2999 844 3060 castrum
881 2992 1125 3074 destruendum,
1163 2994 1310 3081 alioquin

261 3099 348 3184 ipsas
370 3098 459 3184 pacis
481 3096 629 3162 inducias
658 3100 806 3163 nosceret
835 3095 1044 3183 interruptas.
1099 3095 1202 3182 Cujus
1224 3118 1308 3162 nun·

262 3201 347 3265 tium
370 3200 507 3266 audiam
530 3221 590 3265 rex
612 3199 760 3266 Francius
782 3198 890 3285 ipsum
913 3207 1057 3264 castrum
1079 3199 1230 3290 funditus
1253 3200 1308 3265 ds-

261 3303 418 3370 struebat
464 3304 537 3368 Rex
567 3324 696 3390 quoque
726 3301 896 3382 Ricardus,
919 3302 980 3368 hac
1008 3323 1087 3389 pace
1108 3301 1233 3381 habita,
1254 3302 1308 3368 vel

263 3427 376 3494 pacem
399 3407 436 3470 in
457 3406 558 3471 finem
588 3405 783 3471 duraturam
812 3405 984 3471 affectavit
1005 3404 1060 3470 vel
1089 3410 1200 3492 spreta
1229 3427 1309 3492 pace

262 3510 368 3597 priore
391 3531 544 3595 guerram
573 3508 745 3595 proposuit
776 3507 906 3574 iterare.
952 3507 1052 3574 Unde
1075 3507 1116 3573 de
1137 3529 1224 3573 novo
1246 3503 1458 3596 ipsimae

264 3613 329 3678 duo
351 3632 445 3699 reges
467 3612 528 3676 sub
558 3611 619 3677 hac
652 3610 758 3675 forma
788 3611 911 3676 iterum
944 3610 1197 3691 concordabant,
1220 3612 1310 3696 quod
1319 3588 1403 3639 W

262 3718 332 3804 ipse
362 3737 422 3781 rex
455 3713 603 3780 Franciss
634 3716 743 3779 totam
775 3718 898 3779 terram
928 3711 1000 3801 regi
1037 3712 1178 3780 Ricardo
1215 3714 1309 3780 reati·

264 3819 381 3885 tuebat
407 3839 506 3904 quam
540 3838 598 3904 per
627 3837 820 3903 guerrarum
850 3815 1022 3903 dispendia
1044 3837 1102 3881 seu
1124 3816 1190 3881 alio
1211 3816 1309 3882 modo

266 3923 328 4010 ipsi
361 3920 501 3988 Ricardo
534 3919 658 4007 injuste
690 3916 870 3997 auferebat,
903 3921 1040 4005 excepto
1076 3917 1145 3983 solo
1178 3918 1310 3984 castello

266 4025 412 4104 Gisortfi,
428 4023 516 4113 quod
538 4044 600 4089 rex
622 4021 772 4088 Francia
794 4021 858 4086 sibi
880 4019 1051 4108 proposuit
1072 4019 1223 4086 retinere.
1266 4020 1309 4085 In

264 4131 356 4217 cujus
377 4125 718 4215 recompensationem,
740 4145 799 4190 rex
823 4122 1025 4189 Francorum
1047 4122 1138 4189 dedit
1159 4123 1229 4211 regi
1251 4122 1309 4187 Ri-

268 4233 364 4300 cardo
387 4231 599 4299 donationem
629 4227 770 4295 ecclesia
792 4225 1002 4306 Turonensis,
1024 4225 1075 4292 ita
1096 4226 1184 4312 quod
1206 4225 1311 4292 Ledo-

269 4337 371 4403 wicus
392 4334 480 4401 filius
502 4331 604 4422 ipsius
634 4329 719 4419 regis
743 4328 890 4396 Franciae
923 4329 1026 4394 filiam
1054 4328 1142 4417 regis
1165 4327 1312 4406 castelli,

728 4535 740 4541 -
754 4532 1057 4540 --——-.--———

627 4659 635 4688 ¹
648 4653 764 4722 repplet]
778 4654 876 4721 suplex,
887 4652 945 4705 MS.
