3232 5692
335 755 399 817 256
635 767 773 817 rnouss
795 767 904 817 nanas
925 767 1077 818 rnarrus

164 944 233 995 Μ).
247 951 318 997 119⁰.
332 937 434 1025 ipsius
466 939 618 1026 Philippi,
643 940 712 1027 ipse
747 939 908 1005 Ricardus
939 960 997 1004 rex
1019 938 1190 1026 praelatam
1214 937 1382 1025 Boranga-

162 1024 319 1157 {mge-
332 1040 414 1105 riam
439 1042 473 1105 in
490 1042 736 1107 matrimonium
759 1042 905 1127 quietius
926 1040 1090 1118 retineret,
1106 1046 1142 1106 et
1155 1040 1236 1126 ipsae
1258 1039 1382 1106 litterae

163 1165 270 1208 nmero
332 1143 473 1207 eundem
496 1166 607 1231 regem
631 1143 821 1230 Philippum
844 1143 1062 1230 reprimerent
1083 1143 1120 1207 in
1142 1141 1320 1219 silentium,
1337 1163 1382 1207 ne

163 1221 289 1341 {wlff
331 1267 389 1331 per
412 1246 518 1332 ipsum
557 1245 713 1333 praeiatus
748 1246 909 1310 Ricardus
942 1250 1076 1332 propter
1106 1252 1248 1330 spretam
1281 1245 1381 1311 dictae

331 1347 447 1411 Alicire
470 1347 617 1433 copulam
640 1346 905 1412 calumniaretur.
953 1346 995 1410 In
1017 1347 1160 1411 crastino
1182 1352 1303 1425 autem,
1318 1368 1380 1412 rex

332 1448 500 1523 Ricardns,
515 1448 691 1535 superbiis
714 1470 823 1513 coram
845 1449 931 1513 clero
954 1455 988 1513 et
1011 1448 1131 1534 populo
1154 1468 1189 1512 se
1211 1469 1380 1528 excusans,

331 1550 521 1636 publicabat
544 1551 725 1616 Henricum
749 1550 875 1614 dudum
897 1556 1024 1636 patrem
1047 1571 1151 1627 suum,
1170 1549 1249 1614 dum
1271 1550 1379 1637 ipsam

331 1651 472 1716 Aliciam
506 1652 541 1715 in
572 1674 632 1717 sua
654 1652 805 1719 custodia
834 1652 1002 1727 retineret,
1025 1651 1066 1716 de
1088 1673 1128 1715 ea
1150 1673 1252 1716 uuam
1274 1651 1379 1716 filiam

330 1754 386 1817 sed
405 1756 475 1838 jam
500 1761 661 1819 mortuam
685 1775 889 1840 procreassc3
914 1775 974 1817 nec
996 1774 1073 1838 ergo
1095 1774 1166 1817 eam
1190 1753 1281 1817 sein
1303 1774 1380 1818 oon-

326 1853 459 1942 jugium
486 1855 630 1942 [capere]
655 1863 730 1942 post
751 1855 856 1941 patris
878 1855 1000 1920 coitum
1018 1855 1075 1939 jus
1097 1854 1313 1940 permitteret,
1330 1876 1381 1919 re·

330 1957 521 2042 spondebat.
576 1957 650 2021 Hac
681 1979 758 2043 ergo
792 1963 925 2043 accepta
955 1955 1173 2042 responsione,
1208 1956 1379 2042 Philippus

331 2081 400 2136 rex,
424 2081 483 2145 pro
505 2080 544 2123 eo
566 2059 653 2145 quod
678 2059 860 2123 Gisortium
882 2080 956 2123 cum
979 2058 1188 2144 pertinentiis
1210 2064 1245 2121 et
1266 2057 1376 2122 decem

331 2161 436 2225 millia
458 2183 589 2237 marcas,
615 2184 688 2246 quae
711 2160 878 2246 quondam
909 2160 977 2245 regi
1009 2160 1096 2245 patri
1118 2159 1221 2245 ipsius
1244 2159 1377 2224 Ricardi

331 2285 404 2327 cum
439 2265 577 2349 praelata
608 2263 716 2327 Alicia
749 2263 789 2326 ad
824 2262 928 2348 ipsius
967 2261 1099 2325 Ricardi
1131 2261 1378 2325 matrimonium

331 2364 493 2443 exhibuit,
517 2387 584 2429 non
606 2365 796 2442 rehabebut,
820 2365 856 2427 in
879 2364 985 2427 minas
1000 2362 1161 2448 prorupit.
1207 2363 1379 2448 Magnetes

331 2472 444 2531 tamen
466 2473 501 2530 et
523 2466 627 2532 clerus
650 2466 853 2530 concordiam
877 2466 964 2529 inter
986 2465 1073 2550 ipsos
1095 2465 1176 2529 duos
1197 2486 1290 2551 reges
1304 2486 1377 2550 pro-

162 2569 294 2620 'formans
332 2569 499 2633 videbant.
557 2569 656 2632 Unde
688 2591 747 2632 rex
781 2568 942 2632 Ricardus
979 2567 1088 2652 ipsum
1127 2567 1309 2631 Gisortium
1343 2575 1377 2633 et

164 2647 311 2753 ffiffi'm
332 2670 443 2735 decem
467 2670 571 2733 millia
602 2692 726 2734 marcas
760 2669 829 2755 regi
857 2669 1004 2733 Francia
1027 2668 1202 2754 spopondit
1231 2668 1379 2734 redditu·

164 2768 268 2883 {hietro
329 2795 423 2836 rum:
456 2778 490 2837 et
520 2773 677 2836 continuo
707 2793 766 2836 rex
791 2771 962 2857 Philippus
992 2771 1034 2834 ad
1057 2771 1260 2835 obsidionem
1282 2773 1378 2836 Acrae

195 2850 251 2899 Ψ
330 2876 519 2961 pacificatus
551 2874 750 2960 properavit.
798 2873 938 2937 Interim
971 2878 1083 2936 autem
1116 2871 1287 2959 Philippus
1309 2874 1378 2960 ipse

330 2999 389 3042 rex
424 2976 580 3054 Franciae,
613 2976 649 3039 in
686 2975 799 3041 Sicilia
833 2984 1061 3048 commoratus,
1095 2973 1214 3038 delicta
1244 2997 1377 3040 suorum

164 3072 299 3190 35?ssde
330 3079 548 3154 dissimulans,
565 3078 697 3141 nomine
723 3077 812 3163 Agni
840 3077 975 3141 sortitus
1002 3084 1060 3140 est.
1107 3076 1179 3139 Rex
1203 3098 1281 3141 vero
1307 3078 1377 3140 An-

165 3153 297 3257 „lfnsspl
331 3182 406 3268 glire
431 3181 599 3255 llicardus,
624 3180 707 3243 nihil
731 3180 876 3244 inultum
893 3178 1092 3262 relinquens,
1115 3199 1234 3242 nomen
1259 3179 1378 3243 Leonis

164 3272 296 3389 ffiplr-de·
331 3284 544 3370 promerebat.
617 3283 747 3345 Nomen
794 3289 905 3345 autem
955 3281 1025 3364 ejus
1072 3280 1137 3343 luit
1187 3292 1203 3314 ‘⁴
1219 3282 1378 3346 Ricardus

233 3379 238 3390 '
334 3392 351 3420 “
375 3387 464 3464 Quor
495 3386 534 3448 dc
566 3384 693 3470 lyon;''
727 3383 814 3468 quod
844 3385 1090 3468 interpretatur,
1123 3382 1218 3448 “Cor
1247 3383 1378 3449 leonis.’'

333 3488 429 3566 Quod
464 3509 582 3551 nomon
606 3487 716 3550 ferunt
748 3486 851 3570 aliqui
886 3487 915 3549 ei
950 3485 1063 3548 taliter
1095 3485 1248 3549 evenisse.
1294 3486 1377 3550 Cum

331 3596 452 3666 autem,
478 3597 516 3652 ut
550 3594 664 3673 postea
695 3588 860 3662 referetur,
883 3587 964 3651 ortis
997 3586 1181 3651 inimicitiis
1213 3588 1248 3650 in
1279 3589 1378 3651 Terra

332 3692 456 3754 Sancta
488 3689 704 3774 interipsum
739 3695 774 3752 et
806 3689 994 3774 Philippum
1019 3709 1127 3773 regern
1152 3687 1305 3765 Franciae,
1328 3711 1377 3753 re·

331 3792 454 3856 deunto
491 3813 566 3876 rego
607 3789 755 3854 Francia*
793 3790 829 3853 in
861 3796 981 3854 terram
1014 3812 1115 3866 suam,
1152 3790 1309 3855 Ricardus
1340 3791 1376 3853 in

331 3894 431 3958 Terra
456 3892 576 3957 Sancta
613 3891 789 3977 plurimum
826 3900 986 3977 operatus,
1009 3892 1140 3956 demum
1172 3892 1215 3955 nd
1246 3893 1377 3977 propria

331 4018 474 4060 remeare
497 4000 701 4080 proponeret,
719 3994 754 4056 in
770 3995 909 4058 Austria
931 4000 1046 4079 captus
1069 3995 1188 4057 carceri
1211 3994 1377 4079 mancipa-

331 4109 395 4162 tur.
443 4098 506 4161 uui
529 4097 563 4160 in
586 4117 710 4160 carcere
734 4097 878 4171 detento,
903 4118 944 4159 ex
960 4095 1094 4160 consilio
1109 4096 1195 4181 regis
1219 4095 1376 4175 Francia,

331 4201 382 4265 loo
405 4199 539 4285 quidam
562 4199 648 4262 forus
671 4205 704 4262 et
727 4198 902 4274 famelicus
930 4198 1079 4262 utribus
1102 4199 1217 4262 diebus
1233 4198 1375 4283 jejunus,

331 4303 374 4367 ad
406 4304 512 4388 ipsum
549 4301 727 4365 Ricardum
759 4302 1001 4375 intromittitur,
1024 4308 1064 4364 ut
1086 4301 1193 4389 ipsum
1218 4302 1376 4366 continuo

331 4405 510 4469 devoraret.
556 4403 604 4466 At
637 4424 694 4465 rex
729 4401 886 4466 Ricardus
916 4401 1041 4466 leonem
1064 4402 1223 4466 invadens
1245 4403 1376 4489 singula

330 4507 401 4590 ejus
423 4504 569 4569 membra
591 4504 798 4583 dilacerabat,
815 4510 849 4569 et
863 4527 918 4569 cor
933 4505 1034 4568 leonis
1057 4511 1252 4570 exenterans
1267 4506 1375 4591 ipsum

331 4630 386 4674 cor
408 4608 454 4672 sic
483 4606 627 4671 calidum
660 4613 694 4671 et
728 4607 864 4670 crudum
894 4606 1080 4692 deglutivit.
1128 4606 1226 4671 Unde
1248 4613 1283 4672 et
1303 4608 1375 4694 ipse
