3232 5692
591 785 689 836 anan
712 787 822 838 annas
845 790 981 840 aniana.
1248 779 1309 840 '151

269 965 287 986 '⁶
308 961 364 1017 hoo
388 963 560 1018 naturaliter
589 964 673 1020 nobis
703 967 765 1021 fore
783 966 934 1038 proprium
953 971 984 1020 ct
1001 963 1037 1019 ab
1057 965 1150 1019 atavis
1169 965 1312 1020 insci-tum

268 1048 287 1070 “
307 1052 340 1101 ut
357 1046 455 1102 nullus
473 1055 605 1103 nostrum
623 1049 748 1104 altanum
766 1049 895 1121 diligat?
931 1048 1001 1103 Noli
1016 1066 1088 1121 crgo
1107 1049 1217 1104 frustm
1234 1049 1313 1103 labo-

268 1133 286 1154 “
306 1148 372 1185 mro
396 1136 429 1187 ut
452 1138 586 1187 naturam
609 1133 769 1204 cxpcllas.”
789 1174 797 1188 .
819 1174 826 1187 .
848 1173 855 1188 .
875 1132 923 1187 Ad
950 1132 1023 1198 haec,
1053 1132 1203 1187 Galfridus
1228 1138 1311 1202 pater
1324 1141 1435 1209 Ilenry's

266 1222 354 1293 hujus
373 1223 453 1295 regis
471 1216 608 1282 Hemici
626 1225 679 1282 illa
689 1226 828 1281 Alienora
845 1215 1010 1303 quondam
1025 1216 1137 1304 regina
1155 1216 1311 1293 Flanciae,
1323 1225 1435 1327 ffissor

265 1315 362 1394 *dum
387 1319 582 1384 senescallus
608 1306 768 1384 Franciae
798 1315 919 1398 esset‚'¹
945 1328 1054 1384 abusus
1085 1330 1190 1391 suerat,
1223 1345 1310 1398 quam
1323 1344 1415 1394 ahma
1428 1347 1462 1411 by

264 1426 320 1482 istc
338 1427 485 1484 chricus
498 1429 576 1485 filius
594 1447 665 1485 suus
677 1428 862 1501 postmodum
874 1430 996 1486 duxerat
1014 1421 1049 1485 in
1069 1442 1213 1487 uxorem.
1259 1419 1310 1485 De
1321 1408 1433 1526 fhffi'n

264 1542 328 1604 qua
365 1542 441 1607 ergo
479 1527 573 1609 pater
610 1545 688 1588 suus
734 1545 776 1589 ne
813 1545 885 1590 eam
917 1529 1068 1612 tangeret
1106 1523 1309 1611 prohibebat
1323 1554 1430 1606 Vicious

263 1621 363 1688 Pater
385 1624 486 1688 etiam
502 1626 599 1712 hujus
614 1624 787 1706 Alienorae,
805 1635 985 1692 Willielmus
997 1654 1094 1692 comes
1111 1634 1308 1703 Pictavorum,
1323 1620 1467 1740 ξξζῦἳῗῑῶ

264 1733 361 1790 fatuus
379 1741 410 1790 ct
426 1735 566 1802 lubricus,
589 1779 595 1792 .
618 1779 624 1792 .
647 1778 654 1792 .
675 1738 752 1809 apud
770 1738 915 1810 quoddam
933 1739 1087 1795 castellum
1111 1751 1208 1794 suum
1227 1737 1311 1808 Nyor
1322 1758 1440 1806 conatos
1471 1728 1478 1752 ⁹

263 1825 428 1884 habitacula
453 1829 586 1900 quaedam
613 1830 698 1902 quasi
722 1831 928 1887 monasteriola
953 1837 1132 1894 construens,
1164 1831 1310 1886 abbatim
1322 1820 1421 1883 Ρῡῑῑοῦ,

262 1911 400 1982 pellicum
418 1913 459 1968 ibi
478 1933 510 1970 so
528 1915 693 1986 positurum
711 1914 864 1982 delirabat,
878 1917 1067 1988 nuncupatim
1079 1915 1162 1970 illam
1174 1921 1204 1970 et
1216 1915 1307 1980 illam,
1321 1888 1446 2007 {tems

263 1996 462 2068 quaecunquc²
479 1999 643 2055 famosioris
669 2000 823 2070 prostibuli
847 2007 934 2068 essct,
954 2000 1130 2055 abbatissam
1147 1999 1196 2055 vol
1216 2000 1309 2071 prior·

263 2081 352 2136 issam
377 2088 533 2139 caeterasvo
557 2083 693 2138 officiales
717 2084 920 2140 instituturum
945 2084 1118 2156 satagebat!
1162 2083 1309 2154 Legitima

263 2183 378 2237 quoquo
396 2183 485 2222 uxore
502 2167 634 2239 depulsa,
648 2168 812 2224 viccomitis
824 2169 978 2240 cujusdam
995 2168 1151 2238 conjugem
1168 2168 1199 2222 vi
1218 2168 1307 2222 surri-

262 2250 343 2319 puit;
364 2269 452 2322 quam
464 2251 536 2307 adeo
548 2252 677 2316 ardebat,
691 2258 725 2308 ut
743 2253 845 2324 clypeo
858 2272 911 2309 suo
922 2252 1104 2307 muliercula}
1117 2251 1307 2307 simulacrum

261 2334 411 2400 insereret,
434 2376 440 2390 .
463 2377 470 2389 .
492 2377 499 2389 .
520 2335 656 2392 dictitans
675 2338 853 2393 celaturum
877 2337 960 2392 illam
980 2336 1012 2390 in
1029 2336 1131 2407 praelio
1150 2354 1215 2406 qum
1234 2337 1308 2390 fore·

260 2417 325 2473 bat*
344 2437 412 2474 oum
432 2419 463 2473 in
480 2419 617 2476 triclinio.
656 2420 740 2475 Unde
759 2439 826 2477 cum
846 2463 853 2476 .
876 2463 882 2475 .
905 2463 912 2476 .
932 2421 1039 2475 Petrus
1058 2420 1206 2492 praeclurm
1225 2438 1307 2475 sanc·
1319 2432 1346 2483 A
1358 2449 1428 2486 cum

259 2511 361 2576 litatis,
381 2511 569 2568 Pictavorum
593 2512 757 2584 episcopus,
778 2531 845 2568 cum
869 2512 991 2568 liberius
1010 2503 1053 2569 ob
1076 2503 1137 2568 hoe
1154 2519 1304 2584 argueret,
1319 2515 1387 2565 ³90⁰
1399 2502 1440 2595 hl}

259 2619 288 2667 et
314 2611 524 2669 detrectantem
553 2613 651 2685 palum
678 2613 961 2679 excommunicaret?
986 2613 1037 2670 illc
1065 2626 1172 2671 comes
1207 2581 1427 2684 surorcgiiffi

258 2704 410 2776 repletus⁶
427 2705 538 2761 crinem
556 2704 697 2761 antistitis
724 2704 900 2770 inviolavit,⁷
924 2705 1118 2780 ablutumque
1136 2724 1305 2762 mucronem
1317 2700 1446 2779 synar,

258 2789 385 2853 vibrans,
419 2794 439 2817 “
452 2789 550 2856 Jam‚”
582 2790 686 2861 inquit,
720 2793 739 2816 ‘⁴
753 2789 899 2855 morieris,
936 2791 994 2846 uisi
1029 2809 1076 2847 ma
1113 2789 1303 2846 absolveris.”
1316 2767 1451 2887 &gfff

258 2872 370 2930 Praesul
400 2892 470 2930 vero
498 2916 505 2930 .
528 2917 534 2929 .
557 2916 564 2929 .
589 2881 691 2946 petens
719 2873 850 2930 inducias
875 2875 1024 2946 loquendi,
1053 2875 1132 2947 quod
1158 2874 1305 2947 reliquum

258 2968 354 3022 suerat
383 2967 689 3023 excommunicationis
713 2967 835 3022 fidenter
862 2968 1019 3038 peroravit.
1042 3008 1049 3023 .
1070 3009 1078 3023 .
1098 3009 1105 3023 .
1126 2960 1174 3023 At
1196 2981 1303 3025 eomes

257 3060 415 3147 episcopo,
436 3072 454 3095 ‘⁴
468 3067 625 3133 Tantum,”
646 3059 764 3144 inquit,
786 3072 804 3094 ‘⁴
818 3072 896 3123 certo
920 3075 949 3123 tc
973 3067 1049 3135 odio,
1069 3075 1104 3124 ut
1123 3087 1177 3124 nco
1195 3069 1303 3124 coslum

259 3167 277 3188 “
298 3163 407 3219 intrare
435 3168 463 3217 te
488 3161 611 3217 saciam³
637 3178 739 3217 manus
764 3178 837 3216 mem
862 3160 1036 3216 ministerio.
1074 3160 1187 3216 Vorum
1205 3167 1302 3218 tamen

256 3262 324 3326 post
352 3255 508 3321 modicum,
527 3245 630 3331 ipsius
662 3244 862 3310 mulierculae
884 3242 990 3323 sibilo,
1015 3242 1201 3332 episcopum
1224 3267 1301 3311 cun·

256 3348 332 3414 dem
355 3348 496 3414 detmsit
519 3348 627 3413 cicilio.
674 3347 740 3428 Qui
762 3369 836 3412 cum
851 3345 1005 3412 emendas
1020 3347 1055 3411 in
1072 3346 1169 3413 dictis
1184 3349 1302 3414 comite

256 3457 291 3517 ct
327 3451 462 3517 muliere
495 3451 631 3516 minime
668 3451 885 3537 comperisset,
923 3450 1051 3536 adjacit,
1088 3451 1301 3537 “Nunquam

151 3618 157 3631 ,
256 3564 273 3588 “
296 3555 402 3643 proles
424 3554 465 3621 de
487 3553 581 3620 vobis
604 3553 739 3620 veniens
760 3552 886 3619 felicem
908 3553 1053 3618 fructum
1075 3550 1202 3619 faciat.’'

482 3757 624 3764 ..—.-..—-.
643 3757 675 3763 --
688 3757 710 3762 ..
732 3755 818 3762 .-.ω-ο
1129 3753 1253 3761 ..φης-ιιι·-
1274 3754 1286 3761 .-

291 3881 371 3931 ¹dun
387 3919 393 3932 .
411 3919 418 3931 .
436 3918 443 3931 .
460 3880 534 3946 esset]
563 3881 653 3931 Taken
682 3893 756 3945 appa·
836 3881 844 3909 ⁴
854 3876 968 3945 serebat]
988 3878 1053 3930 sicut
1064 3877 1109 3929 illa
1119 3877 1240 3943 portabat,
1252 3875 1288 3928 M.

256 3962 339 4024 rently
362 3961 426 4010 from
446 3961 566 4012 Giraldus
586 3959 755 4017 cambrensis,
834 3960 1085 4024 'excommunicureq
1127 3957 1300 4009 excommuni-

256 4039 298 4089 De
318 4040 432 4090 lactea
451 4040 610 4105 Principum.-
627 4043 665 4091 ed.
684 4040 711 4090 ιΙ.
727 4041 753 4090 b'.
801 4054 858 4090 care
869 4037 996 4103 inciperet,
1007 4039 1044 4090 M.

255 4120 486 4185 Brewer,1846,p.
501 4125 555 4170 15³.
833 4120 843 4148 ⁸
858 4116 975 4183 repleam]
994 4117 1160 4184 percitoa,l1.

288 4202 298 4230 ²
314 4199 472 4265 quocunque]
492 4216 605 4265 quacum
618 4199 643 4250 in
655 4200 712 4250 MS.
833 4199 841 4226 ¹
859 4196 996 4263 incaduca]
1016 4198 1119 4257 involat,
1130 4198 1167 4246 M.

289 4280 299 4309 ⁸
315 4277 452 4346 eutcycbut]
472 4281 603 4339 cantitans,
615 4278 702 4330 blalm.
832 4280 842 4307 ³
859 4279 952 4328 inlrurc
965 4276 1104 4342 tesceiam]
1124 4275 1237 4339 intrabis,
1249 4276 1286 4327 lla
