3232 5692
338 786 404 851 260
639 800 780 849 anonas
802 799 909 847 aenas
930 798 1083 847 neamus

342 1106 422 1173 Cae.
453 1106 584 1171 XVIII.
617 1107 667 1173 De
693 1106 845 1171 transitu
873 1104 964 1189 cepis
989 1102 1137 1169 Ricardi
1158 1126 1182 1169 a
1213 1102 1318 1189 Cipro
1352 1100 1402 1165 act

429 1210 582 1289 Acrum;
615 1208 760 1273 clanaei
784 1208 1054 1275 Sarraccaoram
1075 1212 1175 1292 captu
1204 1205 1247 1269 ‘ia
1277 1203 1403 1283 naam

430 1311 471 1377 de
493 1311 744 1396 expugnatione
758 1314 859 1375 Aera
877 1332 941 1396 per
962 1308 1142 1373 biennium
1159 1308 1234 1395 jum
1255 1307 1401 1383 obsessae,

431 1420 461 1478 et
476 1412 648 1478 discordia
673 1413 798 1478 iterum
819 1411 911 1477 inter
930 1433 1041 1496 regem
1054 1409 1246 1475 Ricardum
1261 1416 1291 1473 et
1313 1406 1403 1473 Pai-

433 1513 572 1600 lippum·
591 1536 700 1599 copem
715 1514 873 1579 Francice
885 1540 898 1593 ,·
923 1520 953 1579 et
976 1513 1017 1577 (lc
1037 1512 1152 1597 jecerdo
1173 1510 1334 1577 mirabili
1360 1530 1402 1575 ex

432 1617 529 1681 Acro
552 1616 593 1682 ia
614 1616 797 1682 exercitum
817 1616 907 1702 cepis
927 1615 1072 1681 Ricumli
1095 1615 1195 1699 lapso.

175 1787 245 1840 AJ).
260 1792 332 1838 nor.
392 1774 472 1839 Post
495 1774 566 1840 haec
588 1795 648 1838 rex
672 1772 842 1851 Ricardns‚
866 1772 1000 1837 dimisso
1033 1772 1177 1836 Roberto
1208 1771 1248 1835 de
1271 1770 1402 1834 Thorn-

177 1868 248 1917 ωδ·
347 1876 425 1940 hana
448 1877 561 1954 milite,
587 1881 680 1962 patre
705 1874 855 1939 Isabellae
878 1874 919 1940 de
942 1874 1143 1948 Tlrnmlranr,
1166 1873 1259 1959 cujus
1280 1893 1401 1958 corpus

176 1944 328 2063 whom
347 1979 383 2043 in
408 1978 553 2064 capitulo
587 1984 698 2042 nostro
733 1976 900 2063 sepultum
931 1977 1115 2061 requiescit,
1137 1976 1179 2041 ad
1211 1976 1319 2062 ipsum
1343 1974 1400 2040 Ci-

179 2076 335 2129 ¹¹⁸¹¹²¹²st1¹¹
348 2102 444 2167 prum
476 2080 580 2145 eidem
617 2080 751 2144 Statino
786 2079 936 2144 totaliter
966 2079 1205 2163 subjiciendum
1237 2079 1271 2141 in
1306 2096 1400 2141 marc

179 2144 292 2274 {yffi
348 2204 463 2247 versus
486 2183 605 2247 Acrem
628 2202 662 2245 se
685 2181 832 2245 immisit.
890 2180 1040 2245 Secundo
1063 2203 1141 2245 vcro
1174 2178 1400 2267 navigationis
1411 2183 1486 2260 nen..

181 2290 293 2339 mirator
349 2284 493 2347 suardio
516 2282 660 2347 vidItin
693 2283 775 2345 mari
798 2304 917 2346 navem
952 2282 1141 2359 maximam,
1164 2282 1315 2367 insigniis
1346 2302 1398 2345 re·
1411 2249 1515 2381 {²22¹le

180 2356 292 2497 §2¹29-
348 2385 477 2470 galibns
509 2386 594 2470 regis
626 2383 774 2449 Francius
808 2384 1003 2461 decoratam,
1027 2385 1117 2449 mille
1151 2391 1186 2449 ct
1207 2384 1399 2470 quingentis
1409 2384 1439 2433 ὖ·
1453 2382 1571 2445 menl·

182 2505 277 2550 tuma
349 2486 431 2550 viris
454 2486 593 2572 paganis
616 2485 780 2550 bellicosis
804 2508 878 2550 eum
902 2486 1004 2550 armis
1025 2492 1060 2551 et
1081 2486 1279 2551 victualibus
1302 2507 1399 2549 onus-
1410 2448 1551 2571 {ikia}

180 2566 327 2697 fgffito
350 2593 466 2664 tutam,
490 2608 590 2672 qnam
614 2586 802 2651 SaffadInns
824 2588 927 2652 frater
949 2588 1108 2667 Saladini,
1131 2586 1508 2653 do1ninnsBabi·l³·⁶⁹²·

181 2698 308 2750 sundin’s
351 2688 458 2767 Ioniae,
483 2688 670 2753 Sarracenis
692 2688 726 2751 in
745 2690 831 2754 Aera
854 2690 990 2754 obsessis
1013 2690 1046 2754 in
1072 2713 1183 2755 eornm
1207 2689 1397 2776 praesidium

181 2764 293 2815 bacher.
352 2789 609 2855 transmittebat.
668 2789 816 2854 Allocuti
840 2791 972 2875 quidem
1007 2792 1070 2878 ipsi
1101 2792 1142 2857 de
1175 2813 1268 2868 necve,
1291 2813 1325 2856 se
1356 2790 1397 2855 dc

351 2891 531 2957 Antiochia
553 2891 703 2955 extitisse
726 2891 825 2955 etad
849 2892 1038 2979 Philippum
1061 2914 1169 2979 regem
1194 2893 1338 2957 Franciae
1364 2913 1398 2956 se

352 3015 425 3059 cunr
448 2991 646 3058 victualibus
677 3014 863 3079 properasse
898 2994 1142 3080 responderunt
1200 2992 1397 3081 Circumspi-

351 3095 439 3160 ciens
463 3101 575 3159 tamen
597 3116 717 3158 navem
741 3094 927 3159 Antiochiae
958 3096 1107 3182 priuceps
1129 3096 1286 3181 corriperit
1309 3095 1397 3180 ipsos

351 3198 487 3262 fictitias
509 3196 691 3282 protulisse.
741 3196 838 3261 Unde
860 3218 919 3261 rex
936 3198 1094 3263 Ricardns
1115 3201 1169 3263 *et
1184 3199 1254 3263 sui'
1278 3220 1397 3261 navem

353 3299 560 3375 invadentes,
584 3300 719 3385 paganis
742 3299 902 3374 omnibns,
926 3306 1045 3385 pra-ter·
1068 3322 1188 3386 pancos
1217 3322 1298 3385 qnos
1328 3301 1398 3385 regi

355 3400 501 3468 Francia
526 3407 792 3485 praesentaverat,
815 3401 927 3465 occisis
950 3409 984 3465 et
1007 3402 1171 3477 demersio,
1186 3424 1256 3466 eam
1281 3402 1399 3466 subtus

183 3513 211 3563 A
224 3514 320 3563 certain
352 3503 545 3589 perforando
568 3502 604 3564 in
627 3502 788 3586 profundo
821 3504 944 3588 pariter
966 3502 1197 3568 demerserunt.
1243 3503 1298 3567 Sic
1321 3525 1397 3589 rege
1410 3510 1482 3601 nen..

186 3580 320 3706 ξζῖξζῐζὲ
355 3604 496 3667 Ricardo
527 3625 547 3665 a
582 3602 682 3687 Cipro
716 3603 911 3679 discedente,
934 3604 1112 3669 monachus
1134 3605 1268 3689 qnidam
1291 3604 1397 3668 Isakii
1411 3576 1511 3705 {fg}

184 3709 340 3761 aceizetue
354 3712 512 3790 cognatus
550 3704 728 3767 claustrum
764 3726 910 3790 egressus
944 3708 1036 3791 regni
1070 3708 1219 3771 dianlema
1252 3706 1397 3791 singulos
1410 3708 1439 3757 0¹·
1453 3709 1572 3771 Brompr.

186 3776 328 3906 {hy'ffiffis
354 3804 577 3891 perturbando
601 3805 789 3869 invadebat.
838 3806 943 3885 Quem
969 3810 1131 3873 Robertns
1154 3809 1194 3873 de
1209 3774 1461 3872 Tlrornlra1n⁰⁰¹'
1476 3779 1551 3823 ¹²⁰³

185 3911 307 3959 ΝΟΜ
353 3905 593 3994 apprehensum
617 3907 737 3970 canceri
760 3909 976 3995 mancipabat.
1024 3911 1088 3989 Qui
1111 3918 1222 3975 tamen
1255 3909 1295 3973 de
1326 3930 1398 3972 car·

186 3973 323 4091 {leiim
353 4032 424 4073 cere
462 4014 633 4073 noctanter
672 4009 831 4096 effugiens
862 4033 883 4073 a
915 4012 1046 4076 StatIno
1077 4034 1152 4098 rege
1185 4017 1219 4077 et
1252 4010 1397 4076 Roberto

183 4106 340 4159 Thomham.
356 4112 477 4176 iterum
500 4111 751 4196 comprehensus
774 4113 924 4197 patibulo
954 4135 1128 4199 suspensus
1150 4114 1286 4179 interiit.
1333 4113 1398 4176 Ro-

353 4212 467 4276 bertns
491 4219 602 4275 autem
626 4212 666 4275 dc
692 4212 792 4298 inro
816 4236 970 4299 egressus,
1002 4220 1094 4279 actus
1121 4212 1271 4279 monachi
1296 4216 1397 4301 ipsius

354 4320 390 4380 et
413 4314 556 4399 qualiter
579 4336 653 4378 cum
677 4336 715 4379 co
738 4316 860 4380 fecerat
875 4316 1017 4381 RIcaedo
1034 4317 1102 4401 regi
1117 4317 1266 4393 referens,
1289 4318 1397 4401 Ipsum

353 4416 390 4481 in
422 4418 685 4502 indignationem
717 4419 903 4497 commovit,
926 4441 964 4483 eo
987 4419 1075 4502 qnod
1109 4419 1207 4504 regiae
1238 4419 1397 4503 dignitati

353 4520 514 4605 derogans
536 4519 679 4603 aliquem
703 4518 760 4605 qui
782 4542 816 4584 se
839 4527 1014 4585 vocaverat
1036 4543 1145 4605 regem
1168 4520 1396 4606 suspendebat.

351 4620 457 4688 Sexto
493 4625 604 4685 autem
642 4621 695 4685 die
729 4620 833 4699 Iunii,
867 4621 1025 4686 Ricardns
1056 4644 1114 4687 rex
1151 4621 1239 4709 apud
1273 4624 1394 4686 Acram
