3232 5692
576 798 675 851 ADAM
696 798 805 851 ABBAS
828 800 964 851 PRIMUS.
1232 787 1295 849 145

247 996 420 1064 poenerum
443 994 523 1061 ques
546 974 738 1040 sustinebat.
785 973 928 1040 Cernens
950 977 1062 1039 tamen
1099 995 1153 1039 eos
1176 973 1298 1038 subsis-

245 1087 317 1146 tere
338 1100 399 1145 nec
420 1079 509 1144 ultra
534 1076 687 1165 progredi
714 1077 832 1156 valere,
859 1079 970 1164 piique
994 1077 1139 1142 ductoris
1168 1077 1219 1141 sui
1246 1097 1296 1141 re-

248 1183 432 1258 miniscens,
456 1182 602 1248 securius
633 1181 816 1247 incedebat.
863 1181 1036 1247 Daemones
1063 1186 1174 1246 eutem
1196 1201 1297 1267 supra
1309 1194 1365 1247 The
1376 1198 1419 1247 de-

247 1284 371 1350 flumen
394 1285 604 1350 decurrentes
626 1306 728 1350 uncos
751 1305 828 1349 suos
861 1283 905 1347 ad
934 1302 1009 1348 eum
1036 1283 1215 1366 jaciebant,
1238 1283 1296 1347 sed
1308 1278 1440 1380 ffiffil'

247 1385 367 1451 illaesus
390 1386 432 1450 ab
455 1387 501 1451 eis
534 1384 732 1472 praeterivit
779 1385 920 1450 Secunrs
953 1383 1088 1448 tandem
1120 1384 1295 1469 procedens
1308 1395 1463 1447 followhim.

232 1488 333 1569 ‚vidit
365 1488 576 1553 latitudinem
606 1489 716 1574 pontis
748 1488 783 1556 in
817 1491 951 1553 tanturn
973 1507 1154 1553 excrescere
1176 1486 1296 1551 utrix

247 1611 289 1656 ex
312 1589 423 1676 aliqua
445 1595 539 1678 parte
561 1597 673 1677 posset
693 1612 812 1678 aquam
835 1588 967 1656 intueri.

249 1949 329 2017 CAP.
358 1948 516 2018 XXXIV.
540 1950 587 2018 Dc
609 1949 738 2037 praealto
756 1949 920 2038 paradisi
943 1948 1115 2028 terrestria,
1131 1953 1160 2014 et
1183 1946 1298 2014 redita

707 2053 843 2122 militia

295 2225 477 2300 Procedens
498 2235 576 2301 inde
600 2236 703 2316 miles,
722 2235 794 2321 jam
825 2236 910 2301 liber
931 2233 973 2299 ab
995 2233 1088 2300 omni
1111 2233 1297 2299 daemonum
1311 2241 1466 2321 'rheknight

248 2338 433 2415 vexatione,
457 2338 544 2403 vidit
566 2361 697 2404 murum
713 2339 829 2419 altum,
846 2343 881 2404 et
894 2338 931 2402 in
946 2359 984 2403 eo
999 2341 1129 2425 portam
1145 2336 1297 2417 clausam,
1310 2310 1465 2426 {ffifflssffh

249 2441 391 2506 metallis
414 2445 448 2506 et
471 2440 623 2528 pretiosis
653 2441 819 2528 lapidibus
849 2441 1054 2507 adornatam.
1103 2441 1149 2505 Et
1166 2441 1238 2527 jam
1260 2449 1402 2509 consule·

250 2545 356 2631 spatio
380 2544 478 2608 unius
501 2544 641 2608 miliario
671 2545 843 2609 edessenis
873 2550 970 2631 porto
998 2544 1057 2608 illa
1087 2548 1203 2609 contra
1224 2566 1299 2608 eum

250 2652 365 2734 aperta
397 2651 455 2723 est,
491 2652 525 2711 et
557 2645 636 2709 inde
669 2647 847 2713 suavitatis
881 2648 969 2726 odor,
1002 2652 1121 2713 cuncta
1152 2653 1301 2712 aromata

251 2751 394 2828 vincens,
434 2749 574 2815 exiebat.
645 2748 730 2816 Cum
768 2750 856 2827 enim
903 2750 1010 2816 adhuc
1055 2749 1300 2836 aliquantulum
1314 2758 1438 2811 Heisin-

251 2853 381 2939 longius
403 2844 497 2932 esset',
521 2874 649 2937 egressa
680 2858 730 2918 est
763 2853 798 2917 in
831 2875 998 2919 occursum
1030 2854 1100 2938 ejus
1123 2875 1197 2918 cum
1228 2875 1301 2917 oru-
1314 2828 1456 2944 ffissffi,

251 2956 352 3035 cibus,
387 2955 527 3031 vexillis,
561 2956 662 3021 cereis
693 2962 726 3021 et
749 2957 876 3043 palmis,
902 2956 1072 3022 hominum
1095 2956 1300 3042 uniuscujus-
1313 2961 1443 3011 enclosure

206 3080 209 3085 ·
252 3081 315 3144 que
354 3058 478 3124 ordinis
509 3081 547 3123 sc
580 3058 757 3146 religionis,
795 3060 934 3125 diverse
979 3059 1089 3125 aetatis
1126 3065 1160 3126 et
1204 3081 1301 3125 sexus
1313 3028 1443 3147 ξέεζξζο

254 3162 432 3246 utriusque,
457 3163 493 3225 in
515 3183 554 3227 ea
586 3162 691 3226 forma
717 3163 860 3227 vestium
883 3162 919 3226 in
942 3183 1007 3248 qua
1031 3161 1101 3227 Deo
1123 3162 1160 3226 in
1183 3163 1301 3227 sseculo

253 3266 447 3344 servierunt,
478 3264 640 3351 processio
678 3265 822 3352 grandis,
854 3265 1058 3352 militemque
1088 3264 1302 3351 suscipientes

253 3390 311 3455 per
342 3372 470 3455 portam
502 3368 712 3434 introierunt.
757 3367 834 3433 Duo
864 3389 992 3453 quoque
1023 3368 1117 3454 quasi
1144 3367 1301 3455 archiepi·
1314 3371 1440 3450 neure·

253 3472 341 3557 scopi
373 3471 513 3536 militem
545 3471 581 3536 in
613 3494 673 3537 suo
706 3472 866 3537 comitatu
903 3474 1132 3558 susceperunt,
1157 3471 1301 3557 patriam
1313 3441 1461 3572 milii}

254 3581 288 3640 et
325 3573 395 3661 ejus
433 3575 636 3640 amoenitatis
673 3573 812 3662 gloriam
858 3575 1028 3640 ostensuri.
1097 3573 1450 3661 Tantumquesewch·

254 3678 371 3768 patrina
409 3678 661 3765 amplitudinem
698 3683 798 3763 atque
835 3677 1071 3758 amoenitatem,
1109 3678 1301 3764 spendorem
1314 3640 1440 3757 iiiiii,

254 3781 331 3846 solis
366 3781 540 3846 meridiani
578 3781 781 3859 continuum,
820 3781 927 3844 noctis
964 3781 1000 3844 in
1038 3803 1076 3846 ea
1113 3782 1301 3862 carentiam,
1314 3773 1452 3852 himserfin

255 3883 425 3967 utriusque
459 3904 556 3947 sexus
590 3882 796 3947 innumeram
834 3881 1006 3947 hominum
1044 3882 1303 3962 multitudinem,
1315 3842 1435 3905 parasse.

255 3985 358 4049 forma
380 3983 514 4048 habitus
537 4006 601 4069 qno
623 3984 659 4048 in
681 3984 798 4050 sarculo
820 3985 1009 4065 utebantur,
1026 4007 1137 4050 eorum
1152 3991 1303 4051 mutuam

256 4087 429 4151 caritatem
463 4085 638 4166 admirans,
669 4086 733 4152 huc
767 4086 910 4175 illucque
943 4090 1175 4175 pertransiens,
1196 4089 1303 4154 multo

231 4189 351 4275 ⁴plura
389 4210 487 4274 quam
522 4189 590 4276 ipse
628 4189 681 4254 vel
719 4190 839 4276 aliquis
876 4190 1047 4256 hominum
1084 4193 1303 4278 peritissimus

257 4292 370 4377 lingua
391 4290 446 4355 vel
469 4291 593 4357 calamo
623 4297 733 4379 posset
763 4293 925 4379 explicare
956 4294 1162 4359 delectabilia
1187 4295 1329 4381 jocum·

257 4395 363 4478 daque
400 4395 574 4480 perspexit.
643 4396 772 4475 Quibus
802 4396 992 4481 'visionibus
1037 4397 1082 4462 sic
1127 4398 1303 4484 completis,

258 4497 416 4561 dixerunt
450 4497 620 4582 pontifices
654 4497 697 4560 ad
728 4497 876 4574 militem,
911 4505 927 4533 “
940 4499 1031 4576 Ecce,
1054 4500 1165 4580 frater,
1188 4501 1304 4564 vidisti

260 4607 277 4632 “
299 4599 362 4661 huo
400 4599 562 4664 veniendo
600 4603 766 4663 tormenta
810 4604 1022 4685 lieccatorum,
1062 4600 1114 4667 hic
1158 4603 1303 4687 requiem

259 4709 276 4736 “
294 4701 469 4785 justorum.
526 4702 640 4767 Patria
675 4703 738 4768 ista
772 4704 934 4769 terrestris
968 4710 1019 4768 est
1052 4705 1229 4788 paradisus,
1264 4704 1304 4767 ‹lc

1146 4823 1171 4869 K
