3256 5692
374 769 438 831 236
677 781 813 829 ruorms
834 781 941 829 ausas
964 781 1117 831 suerrus.
1178 812 1181 819 .

207 954 531 1039 A.D.11eapitalarii,
564 974 636 1017 cum
663 956 734 1016 toto
768 951 915 1016 exercitu
939 950 1212 1027 Christianorum,
1233 949 1415 1037 proditione

205 1040 320 1167 &¹¹¹2an
337 1133 353 1166 0
354 1117 367 1164 f
375 1056 543 1140 cujusdam
566 1053 696 1119 comitis
719 1054 915 1139 Tripolitani
929 1053 1010 1118 victi
1033 1058 1161 1155 suntet
1177 1052 1283 1117 occisi.
1328 1052 1416 1118 Idem

208 1183 251 1233 the
262 1191 338 1233 count
374 1163 487 1222 autem
511 1157 717 1221 desiderabat
729 1157 874 1241 accipere
889 1156 924 1219 in
939 1176 1073 1220 uxorein
1097 1155 1246 1241 reginam
1268 1155 1311 1219 de
1333 1155 1418 1219 Iero-

207 1250 238 1299 of
246 1250 350 1314 Tripoli.
375 1260 497 1336 solima,
521 1281 595 1344 quae
617 1263 692 1343 post
716 1258 943 1322 Baldewinum
965 1279 1075 1345 regem
1097 1258 1262 1343 leprosum
1285 1256 1417 1322 fratrem

374 1384 470 1426 suum
499 1362 537 1425 in
568 1382 705 1447 regnum
735 1360 931 1425 hereditarie
961 1360 1164 1436 succedebat,
1201 1366 1240 1424 ut
1278 1360 1348 1446 ipse
1382 1381 1417 1425 ee

374 1469 507 1549 accepta
522 1463 611 1548 regio
627 1460 813 1525 diademate
828 1461 1051 1548 insigniretur.
1080 1460 1158 1548 Ipsa
1172 1466 1296 1537 autem,
1311 1467 1417 1547 spreto

374 1566 504 1643 comite,
519 1564 700 1650 accipiebat
715 1564 750 1626 in
765 1564 922 1627 maritum
937 1564 1077 1628 militem
1094 1563 1258 1648 quendam
1283 1562 1418 1628 Calliae·

374 1689 464 1745 num,
480 1667 515 1730 iu
531 1667 632 1730 armis
647 1671 828 1743 strenuum,
844 1667 899 1751 qui
923 1670 1045 1730 terram
1061 1687 1154 1729 suam
1169 1666 1212 1730 ab
1234 1664 1416 1731 incursibus

375 1768 625 1833 Sarracenorum
648 1768 838 1832 defensaret.
884 1767 935 1831 Ob
952 1767 1039 1852 quod
1055 1789 1161 1832 comes
1177 1767 1284 1831 iratus
1297 1770 1416 1832 secreto

374 1871 499 1934 dictum
517 1869 709 1947 Saladinum
726 1869 821 1948 adiit,
836 1874 878 1948 et,
895 1869 1045 1954 abjurata
1060 1892 1119 1933 sua
1140 1869 1205 1933 fide
1221 1868 1416 1945 Christiana

372 1973 478 2037 fractus
501 1971 707 2048 Sarracenos,
729 1972 826 2035 homo
858 1970 961 2057 legius
995 1971 1076 2035 dicti
1107 1971 1256 2035 Saladini
1278 1968 1416 2035 devenit

373 2073 449 2160 Ipse
479 2080 590 2138 tamen
623 2074 711 2138 inter
741 2073 945 2138 Christianos
976 2073 1070 2158 quasi
1107 2094 1193 2136 unus
1222 2094 1266 2136 ex
1295 2071 1344 2136 eis
1381 2075 1417 2136 ut

373 2177 465 2261 prius
498 2176 695 2240 morabatur.
743 2175 846 2260 Cujus
880 2175 1015 2239 consilio
1048 2174 1230 2251 Saladinus,
1262 2195 1338 2239 cum
1362 2194 1417 2239 sue

373 2280 520 2343 exercitu
543 2278 665 2342 Siriarn
686 2279 729 2341 ad
752 2298 824 2341 eam
839 2277 1094 2364 expugnandam
1110 2278 1283 2362 ingressus,
1300 2283 1416 2341 terram

373 2380 594 2465 depopulavit.
640 2379 803 2445 Collectus
842 2401 918 2466 ergo
955 2380 1118 2444 exercitus
1156 2379 1417 2444 Christianorum

372 2481 415 2543 ad
439 2482 468 2544 ci
498 2481 716 2545 resistendum
751 2480 912 2545 auxilium
935 2503 956 2545 a
978 2482 1096 2546 comite
1118 2487 1159 2545 ut
1180 2480 1278 2545 solito
1300 2480 1418 2545 habere

373 2582 591 2648 confidebant.
637 2583 703 2648 Sed
741 2589 862 2659 tamen,
900 2606 975 2648 cum
1007 2583 1049 2647 ad
1083 2583 1206 2647 bellum
1239 2582 1417 2662 veniretur,

372 2684 441 2769 ipse
457 2705 571 2762 comes,
596 2685 742 2770 quicum
758 2685 955 2750 Christianis
970 2686 1012 2749 ad
1028 2685 1150 2750 bellum
1165 2690 1311 2761 venerat,
1327 2705 1418 2771 opem

373 2786 479 2850 serens
519 2785 676 2850 Saladino
715 2786 920 2852 Christianos
957 2787 1182 2852 vehementius
1220 2786 1418 2853 trucidabat

373 2887 473 2952 Unde
496 2887 607 2967 fiebat,
630 2889 726 2973 quod,
750 2890 792 2953 ob
808 2890 1028 2975 proditionem
1051 2890 1179 2954 comitis
1202 2893 1236 2955 et
1252 2910 1419 2975 expugna-

372 2990 497 3054 tionem
520 2990 678 3066 Saladini,
704 3012 785 3054 crux
801 2990 937 3071 Christi,
953 3013 1026 3076 quae
1048 2991 1090 3055 ad
1112 2991 1234 3055 bellum
1258 2991 1420 3076 producte

372 3092 480 3156 fuerat
503 3092 538 3155 in
561 3094 856 3157 confortamentum
881 3093 1150 3171 Christianorum,
1164 3094 1289 3158 ibidem
1312 3093 1419 3180 capie-

373 3195 472 3259 batur
495 3201 529 3260 ct
550 3216 643 3280 paene
665 3201 756 3259 totus
772 3196 934 3259 exercitus
956 3196 1185 3260 trucidaretur.
1219 3196 1319 3261 Unde
1342 3217 1420 3282 ergo

206 3291 312 3342 1¹⁰⁸⁸⁰f
372 3299 512 3383 contigit
549 3298 636 3381 quod
671 3297 868 3373 lerosolima,
902 3298 1124 3375 Tholonraida,
1159 3298 1194 3361 id
1231 3304 1283 3362 est
1305 3300 1422 3378 Acres,

205 3374 340 3488 limi?
373 3400 541 3475 Ascalone,
563 3399 586 3464 J
588 3419 703 3484 oppen,
728 3399 877 3475 Caesarie,
895 3399 1039 3477 Sidonia,
1057 3401 1234 3479 Nazareth,
1251 3401 1422 3488 Neapolis,

206 3494 229 3542 P
230 3494 341 3544 atestino.
372 3486 711 3584 Tiberiadis,⁶1·eliquae
735 3502 887 3565 civitates
909 3507 943 3565 et
958 3502 1090 3566 castella
1104 3504 1209 3567 totius
1224 3503 1362 3581 Judaeae,
1377 3504 1422 3570 ab

372 3602 483 3665 eodem
500 3601 655 3665 Saladino
678 3608 775 3687 capta
797 3609 884 3682 sunt,
901 3605 1046 3688 exceptis
1062 3604 1147 3683 Tiro,
1171 3605 1302 3691 Tripoli,
1321 3604 1424 3671 Suria

372 3709 407 3767 et
422 3703 605 3780 Antiochia,
628 3709 662 3767 et
684 3704 750 3768 sere
774 3711 845 3769 tota
869 3706 1101 3770 Christianitas
1123 3707 1158 3770 in
1181 3706 1245 3769 illis
1267 3708 1424 3793 partibus

371 3817 422 3873 est
438 3809 551 3872 deleta.
598 3808 692 3873 Circa
714 3810 800 3895 quod
815 3816 944 3896 tempus
959 3812 1008 3875 sol
1022 3812 1213 3877 obscuratus
1228 3820 1279 3878 cst
1300 3836 1425 3900 parum

372 3917 448 3974 ante
471 3911 584 3974 horam
607 3932 735 3988 nonam,
759 3919 793 3976 et
815 3913 873 3977 diu
895 3919 970 3998 post
991 3936 1112 3977 nonam
1134 3915 1169 3977 in
1193 3915 1305 3980 eodem
1328 3923 1426 3983 statu

207 4024 290 4073 Death
303 4026 332 4073 of
373 4013 561 4099 permansit.
618 4014 693 4077 Hiis
716 4022 825 4078 autem
851 4015 980 4092 auditis,
1005 4016 1160 4080 Urbanus
1183 4039 1269 4102 papa
1291 4021 1312 4082 3
1336 4040 1425 4104 pree-

206 4107 297 4207 ll’ffin
310 4159 358 4209 111.
373 4116 517 4179 decessor
539 4117 720 4201 praescripti
755 4117 904 4203 Gregorii
928 4122 956 4193 8,
980 4118 1022 4182 ob
1045 4119 1188 4183 dolorem
1211 4126 1262 4184 est
1283 4121 1424 4188 defunc-

205 4232 300 4282 Efforts
311 4236 342 4283 of
372 4224 433 4281 tus
469 4217 571 4302 Cujus
593 4240 756 4283 successor
771 4219 947 4305 Gregorius
961 4221 1029 4306 ipse
1046 4225 1166 4308 papa8
1189 4243 1247 4306 pro
1270 4224 1424 4293 subsidio

204 4300 321 4418 ξῗᾶξοζξ
372 4320 480 4384 Terra>
513 4319 643 4383 Sanctae
666 4319 827 4405 plerisque
850 4321 959 4407 plures
982 4324 1135 4407 epistolas
1156 4325 1422 4394 transmittebat

205 4433 270 4483 mise
281 4437 340 4502 help
372 4420 435 4489 Quo
453 4422 483 4474 in
502 4427 631 4491 tompore
643 4423 724 4476 venit
741 4423 874 4478 Eraclius
892 4425 1057 4494 patriarcha
1075 4426 1111 4479 de
1130 4427 1302 4481 lerosolima
1315 4429 1346 4481 in
1357 4430 1423 4485 An·
1437 4435 1470 4486 B.
1483 4435 1541 4503 llige

204 4508 243 4557 for
253 4509 296 4558 the
372 4507 471 4576 gliam,
492 4506 528 4559 ad
545 4523 647 4576 regem
665 4506 836 4571 chricum,
850 4515 950 4578 petens
963 4510 1102 4563 auxilium
1122 4518 1222 4565 contra
1241 4511 1423 4571 Sarracenos
1437 4503 1488 4555 ⁰0¹·
1499 4509 1541 4554 ²³⁵

203 4574 499 4662 H⁰¹r12³1¹texparte
518 4592 647 4645 omnium
666 4591 898 4647 Christianorum
917 4593 1109 4657 orientalium,
1130 4596 1253 4651 offerens
1272 4596 1299 4649 ei
1317 4597 1422 4655 claves

205 4653 314 4771 2333ss
371 4694 460 4730 sacrae
478 4676 559 4730 urbis
578 4675 781 4747 Dominicique
799 4678 936 4747 sepulcri,
959 4696 1026 4731 cum
1050 4679 1156 4733 vexillo
1174 4681 1267 4750 regie,
1293 4686 1324 4735 et
1348 4701 1421 4739 cum

204 4784 292 4852 Hem
304 4789 339 4839 Π,
369 4761 568 4832 littorispepae
587 4800 595 4816 .
615 4801 623 4816 .
643 4802 649 4819 .
664 4761 827 4816 monitoriis
840 4779 873 4816 ac
887 4761 1047 4832 juramenti
1065 4763 1141 4834 regii
1154 4782 1242 4835 super
1259 4764 1313 4820 hoc
1332 4768 1420 4838 prius
