3232 5692
52 3661 78 3711 J.
91 3661 205 3728 Brompt.

54 3733 117 3777 1213
129 3730 168 3790 (in

50 3796 206 3859 substance).

524 776 662 825 anonas
685 777 794 825 nuans
816 780 970 829 ruamus.
1208 764 1273 830 265

226 950 425 1015 remanentis
456 949 673 1024 committens,
713 950 749 1013 in
788 951 960 1016 Franciam
995 954 1175 1018 comitante
1205 954 1270 1018 sibi
1286 960 1442 1013 mullei.

225 1052 307 1117 duce
345 1052 491 1116 Austriae
528 1051 696 1115 remeavit.
751 1060 931 1116 Juratoriam
966 1069 1065 1117 tamen
1107 1064 1270 1117 cautionem

224 1161 302 1219 ante
325 1176 485 1218 recessum
508 1174 603 1217 suum
625 1152 695 1237 regi
719 1152 859 1218 Ricardo
875 1162 1009 1216 adhibuit
1032 1162 1067 1218 de
1085 1162 1272 1217 indemnitate

225 1262 386 1320 terrarum
420 1261 454 1319 et
485 1281 584 1317 rarum
609 1254 754 1339 ejusdem
788 1264 918 1327 Ricardi,
951 1282 1045 1334 usquo
1073 1264 1110 1318 ad
1143 1264 1272 1318 reditum

225 1386 311 1421 suum
338 1367 373 1420 da
400 1366 491 1419 Terra
522 1363 637 1419 Sancta.
684 1355 858 1440 Philippus
881 1364 997 1418 Italiam
1010 1366 1149 1435 appulsus
1167 1383 1273 1435 papam

223 1458 296 1512 adiit
326 1457 437 1511 absolvi
463 1475 480 1509 a
506 1456 632 1525 quodam
656 1457 825 1526 juramento
857 1497 864 1510 .
898 1495 906 1510 .
933 1495 940 1509 .
980 1456 1038 1510 Sed
1063 1475 1120 1510 non
1139 1457 1271 1510 obtinuit.

223 1541 326 1596 Occiso
349 1541 466 1594 interim
486 1540 616 1594 Conrado
643 1541 810 1595 marchione
835 1557 888 1610 pcr
913 1539 985 1594 duos
1012 1540 1132 1594 sicarios
1151 1541 1181 1594 in
1200 1541 1426 1594 urbalIeendca·

224 1653 277 1688 sua
289 1634 368 1696 Tiro,
389 1624 560 1709 Philippus
581 1650 633 1686 rex
652 1632 783 1687 Franciae
801 1632 883 1686 nisus
903 1639 948 1686 est
973 1633 1038 1702 regi
1065 1633 1192 1688 Ricardo
1215 1634 1271 1687 hoc
1283 1619 1396 1725 Ellis?

223 1726 319 1779 scelus
338 1726 494 1794 imponere.
530 1725 614 1779 Unde
633 1729 663 1778 et
681 1725 758 1795 apud
771 1725 904 1779 Parisius
923 1724 1069 1779 celebrato
1082 1725 1214 1790 concilio,
1235 1725 1271 1779 de
1285 1693 1400 1792 mehir}

223 1817 370 1887 proditore
400 1831 459 1873 suo
478 1818 603 1872 Ricardo
621 1830 698 1894 rege
722 1836 752 1871 se
765 1818 842 1872 velle
854 1817 957 1872 ulcisci
973 1818 1160 1888 proponebat.
1198 1818 1272 1871 Pru·
1285 1808 1432 1874 lh0⁰l¹³f80

1283 1876 1313 1924 of
1320 1879 1432 1927 murder·

223 1908 369 1964 dentiores
391 1915 489 1964 tamen
512 1916 695 1980 praematurae
714 1909 833 1964 ultionis
853 1909 1034 1979 propositum
1057 1910 1268 1973 dissuaserunt,
1284 1942 1382 2005 ingthe

222 2008 385 2056 asserentes
414 2001 492 2073 quod
517 2001 588 2055 licet
612 2019 680 2055 vera
704 2001 800 2054 forent
826 2019 890 2071 quae
913 1992 983 2079 regi
999 2002 1125 2057 Ricardo
1143 2003 1301 2083 impone-fi
1313 2037 1355 2084 37.

221 2091 329 2147 bantur
351 2112 409 2147 non
432 2101 530 2147 tamen
548 2110 732 2163 praepropere
759 2097 809 2146 aut
836 2093 1001 2162 petulanter
1026 2094 1171 2163 agendum
1191 2095 1269 2158 sora,
1283 2137 1411 2186 mamm,

222 2176 274 2229 sed
312 2183 448 2247 respectu
486 2174 662 2230 honestiori¹
694 2174 897 2229 sustinendum
928 2193 1079 2246 quousque
1098 2176 1135 2230 ad
1152 2177 1272 2247 propria
1283 2189 1313 2237 of
1321 2190 1408 2241 Mont-

221 2266 366 2313 remearet
383 2261 434 2330 qui
452 2266 572 2330 propter
591 2258 742 2312 Christum
760 2257 933 2312 noscebatur
950 2259 1142 2329 peregrinari.
1179 2259 1272 2315 Oaete·
1283 2255 1367 2306 ferrat.

221 2360 287 2396 rum
306 2343 332 2396 si
349 2361 486 2397 reversus
505 2343 541 2396 de
560 2339 702 2411 objectis²
720 2358 751 2395 se
764 2359 891 2411 purgare
905 2343 1012 2412 poterit
1029 2343 1077 2396 vel
1095 2343 1131 2397 de
1150 2361 1272 2398 excessu

221 2426 390 2480 satisfacere
409 2427 546 2487 voluerit,
567 2425 640 2479 bene
660 2430 758 2479 actum
777 2425 841 2478 erit.
876 2424 928 2478 Sin
944 2427 1052 2489 autem,
1066 2427 1272 2496 expectandoe⁸

219 2508 338 2563 ultionis
348 2509 465 2578 justitia
477 2509 582 2563 comite
595 2525 758 2578 congruum
770 2513 886 2577 tempus
896 2509 961 2562 erit.
989 2508 1109 2576 Quodsi
1123 2509 1194 2563 hoc⁴
1206 2527 1273 2564 con·

218 2591 319 2646 silium
331 2593 524 2662 displicuerit,
543 2592 691 2645 Romanus
703 2590 832 2661 pontifex
850 2592 1027 2646 consulatur.
1067 2592 1125 2646 Sed
1138 2594 1271 2664 quamvis

218 2683 256 2738 ad
267 2684 414 2738 modicum
427 2685 592 2755 quiesceret
602 2702 654 2737 rex
670 2674 850 2759 PhilippuS,
873 2684 992 2738 molitus
1014 2692 1060 2739 est
1071 2691 1169 2739 tamen
1180 2703 1272 2756 reguo

218 2784 334 2854 Anglioe
347 2791 500 2838 cruentum
511 2783 672 2853 negotium.
692 2783 824 2854 Expetiit
836 2800 906 2853 ergo
918 2802 970 2838 rer
983 2825 990 2837 .
1006 2826 1013 2838 .
1028 2775 1200 2862 Philippus
1218 2803 1272 2857 per

217 2876 331 2946 legatos
350 2878 467 2947 nuptias
487 2893 634 2946 germanae
647 2876 728 2945 regis
743 2875 851 2939 Dacia,
872 2893 906 2928 eo
925 2882 1020 2930 tamen
1038 2883 1123 2947 pacto
1141 2883 1174 2931 ut
1192 2878 1269 2932 dotis
1283 2884 1323 2933 Ile
1335 2884 1374 2934 in-

218 2959 320 3030 pacto⁵
339 2960 394 3014 sibi
414 2960 622 3014 concederetur
641 2958 672 3012 id
691 2959 845 3028 antiquum
860 2959 911 3028 jus
931 2961 1009 3029 quod
1022 2961 1109 3016 Dacis
1129 2962 1159 3015 in
1177 2978 1269 3032 regno
1282 2951 1414 3028 “litum‘’

218 3043 382 3113 Auglorum
395 3044 431 3097 ab
450 3043 521 3096 olim
533 3041 724 3111 competebat,
739 3042 828 3095 simul
841 3060 908 3096 cum
921 3043 1014 3097 classo
1027 3051 1057 3098 et
1069 3045 1199 3099 exercitu
1216 3062 1269 3114 per
1282 3020 1366 3132 ⁰lff⁸¹¹¹
1378 3019 1422 3070 the

218 3145 309 3180 unum
328 3145 446 3189 annum,
475 3126 512 3180 ad
539 3127 594 3179 hoc
623 3124 846 3195 exequendum!
883 3126 942 3179 Sed
968 3134 997 3180 et
1024 3127 1077 3182 hac
1103 3129 1268 3183 conditione
1282 3085 1415 3201 iianffie

220 3217 339 3281 propter
365 3209 568 3264 Wandalicam
598 3226 616 3261 a
640 3214 726 3278 tergo
753 3208 970 3262 infestationem
997 3219 1113 3280 negata,
1143 3212 1269 3267 traditur
1283 3232 1314 3265 an
1327 3218 1397 3266 inva-

218 3294 324 3364 nuptui
342 3294 442 3364 puella
460 3311 526 3347 cum
546 3292 648 3345 decem
667 3290 800 3345 millibus
827 3308 992 3346 marcarum
1011 3296 1136 3363 argenti.
1176 3295 1268 3364 Quam
1283 3283 1337 3332 ⁸5⁰⁰
1350 3286 1381 3334 ⁰f

219 3385 318 3432 tamen
335 3386 402 3449 post
419 3378 545 3458 primam
565 3376 677 3446 copulae
703 3381 828 3439 noctem,
849 3383 900 3430 aut
917 3384 1037 3447 propter
1054 3379 1188 3433 foetidum
1208 3381 1268 3436 oris
1282 3350 1408 3414 Englm

219 3471 390 3533 anhelitum,
411 3475 461 3523 aut
480 3469 550 3539 quia
567 3485 625 3520 non
643 3468 755 3521 invenit
773 3485 837 3521 eam
849 3468 1005 3538 virginem,
1020 3488 1072 3523 rex
1095 3463 1268 3550 Philippus

219 3557 385 3628 repudiavit
402 3557 577 3610 indecenter.
623 3546 669 3610 Et
700 3568 781 3622 cum,
817 3552 857 3610 ut
886 3549 1012 3612 dictum
1035 3557 1094 3629 est,
1117 3553 1186 3638 ipse
1208 3577 1268 3619 rex

219 3648 391 3734 Philippus
414 3649 449 3711 in
471 3654 594 3711 terram
609 3669 703 3711 suam
719 3648 950 3734 regrederetur,
976 3651 1134 3718 Ricardus
1157 3663 1269 3721 noster
1281 3671 1391 3722 uiehnrd

219 3752 401 3835 Anglorum
424 3772 482 3813 rex
506 3771 579 3813 cum
611 3748 809 3814 Christianis
831 3749 867 3813 in
890 3751 991 3815 Terra
1020 3753 1142 3820 Sancta
1163 3780 1267 3823 rema-
1280 3738 1395 3856 {llffffi

218 3852 375 3917 uentibus
396 3853 462 3915 iter
484 3874 581 3915 suum
597 3873 710 3915 versus
725 3851 748 3915 J
750 3873 856 3937 oppen
875 3853 1046 3940 dirigebat.
1093 3821 1433 3934 Saladinus‹1i›ppn,anu

218 3976 348 4040 quoque
370 3953 440 4038 ejus
471 3975 678 4039 progressum
703 3955 916 4038 perpendens,
941 3956 1108 4042 dispositis
1142 3961 1178 4025 in
1201 3969 1267 4027 tres
1280 3937 1384 4053 &iffi

218 4057 381 4121 exercitus
403 4056 471 4118 suis
493 4055 632 4134 aciebus,
650 4055 790 4119 Ricardo
807 4057 876 4141 regi
893 4079 966 4122 cum
989 4061 1057 4124 suis
1079 4083 1121 4126 ne
1143 4063 1267 4130 fiumen
1385 4041 1391 4056 ⁸

219 4158 383 4243 quoddam
413 4157 594 4221 transirent
628 4179 648 4220 a
683 4156 827 4222 ansnria
858 4160 1040 4226 discurrens
1063 4164 1267 4231 obstaculum

218 4260 417 4324 minabatur.
464 4260 624 4324 Ricardus
653 4281 712 4324 rex
735 4265 876 4336 econtra,
900 4263 968 4326 suis
990 4265 1121 4330 aciebus
1143 4268 1179 4331 in
1202 4273 1268 4334 tres

251 4485 411 4549 amnestian]
425 4483 657 4542 honestatum.
742 4483 745 4547 ζ
794 4484 870 4551 ‘toc]
884 4490 1048 4548 nostrumlt.
1062 4492 1095 4540 H.

249 4564 380 4630 Ξοόᾑοεὶκ]
394 4564 434 4612 vel
446 4562 594 4625 objicienda,
606 4563 636 4612 R.
650 4563 684 4613 ll.
742 4554 744 4605 l
792 4565 899 4631 ‘pactoJ
913 4568 1065 4627 nominali.
1080 4572 1113 4622 H.

250 4643 438 4708 impcdanda]
452 4642 648 4706 expetendas.
662 4642 694 4692 H.
741 4610 744 4682 l
792 4645 984 4714 ‘exequendum
995 4651 1220 4714 assequendumR
1230 4653 1264 4704 H.
