3256 5692
365 797 430 860 112
697 811 796 861 anau
817 811 925 861 assas
948 812 1084 862 sarnus

363 985 506 1041 vomitum
533 1003 591 1040 non
617 992 717 1057 posset
741 985 948 1041 eucharistiam
972 984 1108 1048 retinere,
1128 989 1160 1039 et
1176 984 1231 1040 hae
1257 984 1296 1041 de
1322 1002 1414 1042 cansa

364 1068 470 1125 fratres
489 1069 553 1140 ejus
572 1087 675 1125 verum
688 1074 900 1124 sacramentum
919 1069 947 1123 ei
965 1069 1069 1123 etfama
1080 1067 1252 1125 noluissent.
1283 1068 1413 1142 Rogavit

363 1170 414 1208 eos
432 1160 466 1208 ut
485 1154 591 1209 saltem
609 1171 697 1225 super
715 1153 793 1208 latus
811 1153 875 1224 ejus
900 1157 1113 1208 sacramentum
1136 1150 1301 1224 ponerent¹
1346 1152 1411 1223 Quo

362 1236 449 1301 facto,
470 1236 547 1292 latus
573 1237 683 1291 infirmi
702 1255 734 1292 se
752 1237 876 1308 aperuit,
897 1241 927 1291 et
944 1234 1041 1290 hostia
1057 1234 1186 1291 Christi¹
1202 1252 1235 1291 se
1252 1235 1410 1294 immersit.

362 1327 433 1392 Iste,
453 1327 523 1383 dum
541 1329 625 1393 vixit,
645 1328 738 1384 multa
755 1328 896 1399 opuscula
913 1327 1044 1383 dictavit.
1083 1318 1163 1385 Post
1184 1341 1283 1406 quem
1296 1319 1413 1387 floruit

194 1442 347 1494 niomium
363 1421 523 1487 Ricardus
557 1421 598 1486 de
629 1421 750 1487 Sancto
773 1421 914 1498 Victore,
948 1422 1006 1507 qui
1038 1420 1104 1485 alia
1137 1422 1294 1509 opuscula
1324 1444 1411 1488 eom·

189 1509 342 1561 saviam.
361 1524 489 1611 pilavit.
543 1524 647 1589 Anno
670 1523 804 1610 quidem
827 1545 893 1610 quo
915 1523 1024 1589 dietus
1046 1522 1148 1610 Hugo
1177 1529 1329 1590 mortuus
1352 1529 1413 1601 est,

362 1625 544 1690 Gracianus
575 1625 615 1691 de
647 1625 766 1691 Tuscia
796 1630 904 1704 natus,
927 1624 1106 1690 monachus
1140 1624 1256 1690 Sancti
1279 1626 1412 1692 Proculi

360 1727 397 1792 in
420 1727 578 1805 Bononia,
601 1726 792 1814 compilavit
814 1727 952 1792 decreta
999 1724 1102 1810 Cujus
1117 1725 1219 1791 frater
1233 1747 1411 1814 germanus

360 1830 478 1895 Petrus
501 1830 703 1895 Lombardus
724 1830 893 1916 episcopus
909 1827 1101 1892 Parisiensis
1122 1827 1316 1915 compilavit
1330 1851 1413 1914 qua·

359 1936 437 1998 tuor
458 1932 559 1997 libros
582 1931 852 2011 Sententiarum
884 1929 1081 1995 Psalterium
1105 1950 1234 2016 quoque
1270 1936 1306 1997 et
1328 1930 1411 2018 Epi·

192 2059 284 2110 Hilde-
359 2033 460 2102 stolas
483 2034 578 2099 Pauli
600 2034 769 2121 glossavit.
819 2032 1032 2119 Hildegardis
1047 2031 1200 2096 monialis
1214 2030 1351 2114 floruit3
1374 2038 1412 2100 et

191 2129 277 2192 ΜΘ·
358 2136 444 2202 liber
466 2136 490 2201 J
492 2136 631 2201 ohannis
653 2135 850 2200 Damasceni
871 2134 908 2198 in
931 2132 1090 2198 Latinum
1111 2138 1162 2198 est
1184 2133 1390 2200 translatus'

365 2354 1122 2432 01111111.ΒεδανιστοΒωηιαι·ἅο,α11111
1146 2354 1411 2424 caracallam.

191 2561 260 2613 ab.
274 2564 346 2614 11⁵3
410 2538 537 2604 Eodem
560 2539 681 2626 quippe
710 2543 867 2624 tempore,
890 2559 977 2602 anno
998 2536 1153 2603 videlicet
1175 2538 1276 2605 tertio
1296 2560 1319 2603 a
1339 2560 1412 2605 mo·

191 2664 323 2715 Noueeor
360 2640 497 2705 nasterii
519 2642 625 2706 nostri
647 2640 850 2716 fundatione,
869 2647 943 2705 obiit
970 2646 1094 2702 Sanctus
1121 2646 1300 2713 Bemardus,
1318 2647 1572 2735 abbasfflgg(⁵²

191 2730 304 2782 ⁸230*
359 2741 606 2799 claravallensis.
645 2741 736 2811 Qui
728 2761 759 2796 m
785 2739 960 2811 Burgundio
986 2745 1082 2794 castro
1109 2734 1557 2806 Fontis⁴oriunuuaw12³⁸a

191 2799 261 2848 Μ
359 2825 438 2881 filius
456 2825 571 2881 strenui
588 2826 702 2891 militis,
715 2831 847 2881 materno
865 2823 994 2896 primum
1012 2822 1087 2878 laete
1105 2821 1210 2877 deinde
1228 2823 1302 2878 cibis
1325 2840 1411 2895 gros·

361 2909 490 2966 sioribus
509 2908 609 2964 fuerat
639 2909 797 2964 enutritus.
843 2906 975 2964 Tandem
1005 2905 1059 2960 sub
1089 2923 1165 2961 anno
1194 2907 1300 2978 gratim
1327 2908 1409 2973 1112,

361 3020 379 3057 a
396 2999 607 3057 constitutione
625 2993 736 3050 ordinis
754 2990 959 3048 Cisterciensis
977 2987 1033 3053 15⁰,
1059 2988 1154 3044 oetatis
1180 3007 1242 3044 snoe
1260 2989 1317 3055 22⁰,
1341 3007 1411 3047 eum

361 3096 396 3151 30
414 3093 503 3150 sociis
522 3087 699 3148 cistercium
718 3084 893 3157 ingreditur,
913 3081 955 3152 et,
974 3086 1041 3151 post
1052 3081 1187 3151 quintum
1210 3081 1410 3138 conversionis

362 3206 423 3244 sum
459 3202 580 3249 annum,
617 3180 706 3236 abbas
742 3177 976 3234 Claraevallensis
1012 3180 1194 3253 destinatur;
1232 3182 1284 3237 ubi
1320 3200 1411 3254 supra

362 3273 521 3327 humanam
554 3262 792 3323 consuetudinem
816 3260 953 3333 vigilans,
981 3263 1094 3318 nullum
1125 3270 1242 3336 tempus
1273 3283 1304 3321 se
1334 3265 1411 3323 dixit

360 3356 457 3427 magis
481 3352 605 3426 perdere
625 3366 712 3420 quam
739 3364 797 3417 quo
823 3345 970 3411 dormivit,
1002 3348 1153 3402 somnnm⁶
1180 3349 1268 3404 morti
1293 3367 1410 3421 eompa-

359 3457 438 3494 rans.
479 3437 643 3492 stertentes
663 3437 693 3485 et
710 3429 899 3500 incomposite
917 3429 1092 3486 dormientes
1109 3432 1159 3485 rix
1176 3432 1329 3488 tolerabat.
1362 3432 1411 3488 Ad

361 3522 459 3578 cibum
490 3530 629 3589 tanquam
659 3514 696 3569 ad
724 3519 903 3568 tormentum
931 3515 1063 3570 accessit.
1119 3516 1243 3586 Propter
1272 3534 1411 3588 magnam

360 3604 568 3661 abstinentiam
586 3616 692 3668 magna
710 3614 745 3650 ex
763 3602 845 3667 parte
869 3597 1000 3653 ciborum
1025 3600 1230 3655 discretionem
1260 3603 1409 3667 amiserat,

359 3689 401 3744 ita
420 3686 538 3758 quidem
556 3687 590 3737 ut
608 3682 704 3735 oleum
722 3680 864 3750 provino,
879 3683 1237 3755 sanguinemprobntiro,
1252 3683 1410 3756 aliquando

340 3774 496 3831 sumeret.
534 3765 674 3835 Dixitque
702 3763 794 3817 solam
819 3780 925 3833 aquam
953 3764 1010 3819 sibi
1028 3784 1140 3837 sapere,
1160 3784 1195 3822 eo
1213 3767 1291 3839 quod
1309 3767 1409 3824 fauces

358 3873 428 3910 suas
452 3848 655 3923 refrigerabat.
694 3846 839 3917 Quicquid
866 3846 902 3901 de
928 3849 1081 3919 scripturis
1106 3849 1263 3917 dedicerat,
1282 3851 1409 3907 maxime

358 3940 391 3994 in
408 3936 492 3993 silvis
510 3941 540 3989 et
558 3934 587 3988 in
607 3932 689 4003 agris
708 3930 875 3985 meditando
902 3938 932 3986 et
958 3934 1067 3988 orando
1087 3933 1241 4001 hauserat;
1260 3952 1315 3990 nee
1333 3935 1409 3992 alios

357 4041 390 4079 ee
409 4019 545 4076 habuisse
563 4017 721 4088 magistros
740 4032 827 4084 quam
855 4032 980 4085 quercus
1008 4023 1038 4071 et
1062 4017 1163 4089 fagos⁶
1181 4018 1335 4073 fatebatur.
1371 4018 1410 4075 In

357 4104 490 4163 vestibus
521 4102 585 4172 ejus
615 4104 781 4171 paupertas,
813 4098 865 4153 sed
894 4086 1028 4170 absque
1035 4100 1170 4155 sordibus
1200 4101 1312 4157 fuit..

358 4188 492 4246 Noviciis
521 4184 696 4255 religionem
726 4183 835 4237 intrare
865 4183 1029 4238 volentibus
1066 4184 1165 4240 dicere
1194 4142 1407 4243 consueverati

392 4391 399 4419 ¹
414 4384 544 4453 ponerent]
565 4380 678 4432 fenerent
688 4381 716 4429 in
727 4378 783 4428 MS.
938 4382 946 4409 ⁴
965 4379 1064 4446 Fontis]
1084 4381 1215 4439 Fontanis,
1227 4381 1260 4433 R.
1271 4381 1306 4431 11.

391 4470 402 4499 ²
421 4464 527 4529 Christe]
548 4460 653 4526 corpori,
664 4460 695 4509 B.
707 4459 741 4510 11.

392 4545 475 4596 ’Tne
497 4542 563 4593 book
586 4539 628 4590 De
643 4537 697 4602 fide
718 4535 859 4595 orthodoxe,

359 4623 496 4679 translated
512 4621 578 4671 from
593 4619 637 4668 the
648 4616 733 4668 Greek
749 4617 784 4680 by
795 4615 859 4665 Bur-
941 4614 951 4642 ⁸
963 4614 1053 4679 sapsa]
1074 4613 1155 4679 fagus,
1166 4613 1223 4665 MS.

360 4705 454 4774 gondio
466 4702 496 4753 of
503 4701 571 4752 Pisa.

937 4499 947 4528 ⁸
964 4498 1082 4563 somnum]
1102 4512 1244 4563 sompnum,
1254 4496 1310 4550 MS.
