3256 5692
388 772 454 834 202
650 781 830 831 PHILIPPUS
851 780 960 831 unsis
981 779 1169 831 SECUNDUS.

215 970 363 1032 anum
384 960 626 1046 obligaverunt,
647 964 683 1024 et
712 958 801 1043 quod
831 962 971 1024 mortem
1002 956 1085 1023 dicti
1116 955 1251 1042 gloriosi
1271 954 1423 1041 martyris

218 1042 290 1091 ¹¹⁷²*
385 1061 501 1129 Sancti
522 1060 658 1127 'l'homae
678 1082 787 1146 neque
808 1060 932 1147 scripto
953 1080 1060 1146 neque
1080 1058 1169 1125 iacto
1190 1057 1335 1124 scienter
1355 1078 1424 1145 pro

384 1170 605 1244 curaverunt;
638 1171 674 1230 et
695 1163 742 1228 sic
763 1163 808 1229 ad
829 1163 1008 1229 officiorum
1033 1183 1168 1228 suorum
1189 1159 1424 1249 plenitudinem

215 1283 330 1333 Elasson
345 1268 515 1334 offuerant
548 1267 706 1333 restituti
752 1266 889 1333 Litterae
920 1270 1034 1331 autem
1064 1264 1152 1352 regis
1181 1262 1286 1352 patris
1306 1269 1343 1329 et
1362 1263 1424 1330 dis

215 1350 350 1467 m&
382 1376 494 1437 torum
516 1369 733 1436 cardinalium
763 1369 948 1435 mittuntur
972 1369 1009 1433 in
1031 1367 1188 1455 Angliam
1208 1368 1250 1432 de
1272 1366 1424 1433 electione

215 1496 332 1548 Beckot
382 1474 517 1540 alterius
538 1473 772 1560 archiepiscopi
789 1471 1037 1539 Cantuariensis
1050 1470 1204 1537 faciendo.
1238 1470 1285 1535 Et
1305 1469 1424 1537 fuctum

213 1564 347 1679 ffb*
382 1583 440 1654 cst,
463 1577 544 1642 dum
578 1575 738 1641 Ricardus
763 1575 853 1662 prior
874 1574 1073 1640 Dovorensis
1095 1573 1132 1637 in
1152 1572 1423 1660 archiepiscopum

268 1668 275 1681 ’
382 1680 565 1766 eligeretur,
588 1679 702 1744 littera
732 1677 992 1744 canonizationis
1021 1676 1112 1741 illius
1143 1675 1234 1741 beati
1255 1675 1424 1763 archipre-

381 1783 461 1847 sulis
482 1788 517 1848 et
538 1782 697 1867 martyris
718 1782 850 1846 Thomse
881 1779 960 1844 illuc
989 1779 1100 1845 delata
1121 1777 1193 1843 fuit
1238 1778 1316 1859 Qus.
1335 1779 1422 1858 lsctn

381 1907 493 1950 omnes
525 1886 562 1949 in
592 1883 733 1950 sublime
764 1881 954 1959 cantabant,
978 1880 1052 1945 “Te
1085 1879 1193 1946 Deum
1226 1879 1424 1947 laudamus¹'

381 1987 426 2051 Et
460 1987 656 2074 suffraganei
689 1984 937 2052 cantuariensis
967 1983 1110 2050 ecclesim
1141 2004 1282 2050 errorem
1314 1983 1424 2051 inobs-

380 2090 516 2156 dientiae
538 2112 607 2155 susc
629 2087 824 2154 confitentes
854 2087 953 2153 simul
983 2109 1004 2151 a
1035 2086 1180 2153 Domino
1202 2086 1275 2152 Deo
1295 2087 1423 2153 veniam

379 2193 599 2279 postularunt,
614 2192 766 2268 dicentes,
791 2197 810 2226 “
819 2191 952 2267 Adesto,
969 2187 1119 2269 Domine,
1133 2188 1424 2276 supplicationibus

381 2303 399 2331 ‘¹
422 2296 552 2372 nostris,
577 2300 617 2359 ut
650 2295 708 2380 qui
738 2316 782 2359 ex
815 2294 995 2378 iniquitate
1028 2297 1143 2358 nostra
1172 2314 1246 2359 reos
1275 2313 1337 2358 nos
1358 2312 1425 2358 eme

380 2404 400 2433 “
422 2397 654 2483 cognoscimus,
670 2396 761 2461 beati
784 2395 919 2462 Thomae
941 2396 1100 2480 martyris
1122 2395 1174 2461 tui
1195 2400 1297 2481 atque
1317 2393 1425 2482 ponti·

380 2506 396 2535 “
419 2499 489 2563 licis
511 2499 743 2564 intercessione
772 2496 976 2563 liberemur.’'
1021 2497 1154 2564 Electus
1184 2503 1297 2563 autem
1318 2497 1425 2563 dictus

381 2599 539 2665 Ricarrdus
563 2599 811 2665 Oantuariensis
842 2621 916 2664 cum
954 2600 1169 2667 Bathonicusi
1190 2601 1339 2689 episcopo
1362 2598 1424 2665 Re

379 2724 466 2767 marn
479 2702 642 2789 profectus
652 2706 865 2767 consecratur.
904 2711 960 2767 Oui
979 2703 1119 2768 Ricardo
1134 2711 1188 2768 sub
1200 2730 1275 2767 anno
1286 2709 1425 2783 pontimi
1435 2689 1561 2772 Rffissd'.

378 2807 428 2873 sui
454 2810 496 2871 12
518 2815 655 2888 apperuit
673 2813 816 2870 Dominus
835 2815 865 2869 in
883 2816 960 2880 visu,
974 2814 1084 2881 dicens,
1100 2816 1172 2869 “Tu
1190 2765 1560 2886 dissiputibommiff

380 2922 399 2946 “
418 2918 551 2975 ecclosiae
569 2934 642 2972 mcae
661 2921 691 2972 ct
708 2933 764 2987 ogo
783 2916 937 2987 extirpabo
956 2922 985 2972 tc
1004 2917 1041 2973 dc
1058 2916 1166 2972 terra.”
1214 2907 1261 2973 Et
1277 2914 1345 2971 inde
1362 2932 1425 2987 pcr-

378 3012 498 3068 torritus
517 3010 599 3067 obiit.

376 3433 454 3496 (ils.
479 3429 592 3492 XVII.
615 3428 666 3493 Dc
680 3426 857 3493 rebellione
876 3426 1043 3512 filioram
1059 3434 1089 3494 et
1111 3427 1262 3496 loeium
1275 3429 1427 3497 alrimunt

464 3537 582 3596 contro
608 3551 716 3613 repom
732 3529 926 3595 Hcorc‘cem
951 3531 993 3595 io
1016 3530 1184 3598 attrectem
1198 3530 1290 3597 occia
1304 3532 1427 3600 Sorai·

466 3631 596 3696 Thoona
618 3629 785 3715 martyris
796 3657 809 3707 ;
840 3638 869 3696 ct
891 3632 1039 3719 qcuclc‘tcr
1070 3634 1181 3699 codem
1202 3641 1353 3720 martyre
1374 3655 1425 3700 re

462 3731 643 3798 conciliato
658 3730 698 3796 <ic
725 3730 873 3797 hostibus
900 3733 1126 3820 triumphavit
1136 3762 1149 3813 ,·
1171 3742 1201 3801 ct
1215 3736 1255 3802 de
1271 3736 1424 3823 ceptione

469 3833 648 3900 Williclmi
667 3833 757 3917 repis
779 3833 900 3900 Scoticc
924 3837 1022 3922 (epod
1044 3837 1216 3924 Aoewyle.
1249 3885 1255 3896 .

206 4035 298 4087 lise.
420 4014 530 4079 Medio
542 4015 675 4100 quidem
685 4021 841 4102 tempore,
853 4048 904 4086 rex
915 4023 1010 4103 pater
1021 4020 1150 4106 [mucis]
1163 4028 1336 4101 obsequium
1344 4029 1423 4100 quod
1434 4026 1496 4079 Ibis

204 4119 271 4171 An.
281 4125 361 4174 1172-
373 4115 484 4172 dudum
496 4116 527 4171 in
545 4117 676 4188 partibus
688 4119 890 4173 transmarinis
904 4126 1069 4192 sumpserat
1080 4128 1110 4177 ct
1122 4121 1307 4193 postmodum
1325 4140 1423 4178 coram

205 4189 304 4316 Ψ,
375 4252 381 4265 .
403 4251 411 4267 .
431 4209 628 4266 cardinalibus
647 4229 678 4266 so
698 4211 774 4266 infra
791 4212 949 4266 triennium
977 4220 1200 4284 prosecuturum
1223 4211 1262 4270 ut
1285 4207 1422 4294 praedic·

205 4281 318 4385 ρνῗξῑῖῃ,
371 4308 444 4368 tum
468 4306 518 4366 cst
533 4310 692 4381 juraverat,
707 4311 789 4383 lapso
807 4312 933 4367 termino
951 4314 1002 4369 illo
1021 4315 1145 4370 Romam
1163 4315 1200 4370 ad
1217 4318 1422 4387 protelandum

204 4400 346 4479 Oihispro·
371 4404 555 4460 frustratorie
573 4403 662 4458 fallax
680 4404 861 4474 propositum
873 4404 1017 4471 mittebat,
1033 4407 1087 4461 sub
1105 4425 1139 4462 co
1156 4414 1255 4462 tamon
1273 4410 1371 4464 colore
1389 4416 1422 4466 ut

204 4482 268 4518 Μ’
278 4475 306 4518 ²⁰
369 4490 428 4545 tris
445 4486 620 4545 monasteria
637 4492 819 4543 construeret
837 4489 868 4541 in
879 4487 997 4560 Anglia.
1036 4490 1119 4559 Quod
1131 4496 1160 4547 et
1171 4494 1228 4548 isto
1240 4494 1327 4549 modo
1339 4496 1418 4551 iecit.

203 4534 358 4652 fflfflhm
370 4573 530 4630 canonicos
559 4572 713 4628 saeculsrcs
741 4572 819 4643 apud
837 4571 985 4626 Waltham
1016 4574 1029 4628 .“
1056 4616 1062 4628 .
1096 4616 1103 4630 .
1134 4576 1171 4631 ad
1196 4580 1420 4635 conventfflssm

201 4665 282 4716 terias.
370 4666 597 4736 redegitvitom.
635 4665 838 4734 Mouialcsquc
859 4655 930 4739 [de]
951 4666 1153 4739 Ambrcsbury
1167 4670 1332 4743 extirpavit.
1346 4672 1418 4728 alias
