3232 5692
549 797 686 850 mouns
707 796 816 850 ιιιιιιι
837 799 989 853 marrus
1227 784 1294 858 27⁷

251 974 383 1064 Angliee
415 979 568 1068 irrogatis
593 980 720 1066 judicio
750 981 893 1049 ecclesiae
926 988 1038 1049 staret.
1098 981 1179 1048 Mox
1216 999 1294 1066 ergo
1307 993 1464 1049 Λ.1).ιιιι.

251 1078 379 1147 obsides
401 1082 482 1148 dicti
506 1083 638 1150 Ricardi
653 1085 740 1173 regis
754 1085 887 1173 Angliae
901 1090 976 1173 post
1000 1086 1185 1173 praestitum
1203 1083 1294 1171 jura-

250 1190 399 1249 mentum
420 1185 584 1252 liberavit.
629 1187 759 1254 Deinde
781 1211 801 1253 a
823 1211 910 1276 papa
931 1189 1110 1256 Caelestino
1131 1193 1181 1253 est
1203 1185 1296 1252 abso-

249 1283 357 1364 lutus3
380 1295 584 1355 sacramento
599 1289 717 1356 dehinc
731 1293 880 1379 praestito
895 1291 983 1378 quod
998 1290 1294 1379 peregrinationem

249 1410 343 1453 suam
365 1392 408 1456 ad
431 1391 565 1458 Terram
587 1393 744 1461 Sanctam
766 1417 865 1482 quam
895 1395 993 1461 citius
1016 1398 1127 1482 posset
1149 1394 1292 1470 iteraret,
1366 1380 1370 1388 ⁹

249 1491 379 1557 tamdiu
401 1493 526 1561 ibidem
548 1496 777 1563 demoraturus
799 1497 960 1585 qu‘amdiu
982 1518 1092 1584 regem
1115 1496 1294 1561 Ricardum

248 1614 376 1659 msua
397 1596 547 1663 custodia
569 1599 749 1678 detinebat,
773 1600 921 1686 alioquin
946 1599 1291 1666 excommunicaretur

249 1693 379 1762 Deinde
400 1720 460 1763 rex
483 1699 643 1766 Ricardus
672 1702 847 1769 correctior
875 1703 971 1768 vixit
1026 1702 1145 1767 Postea
1173 1701 1333 1823 quippeth
1307 1707 1433 1762 nachor

249 1797 362 1864 obiens
399 1801 579 1917 imperator
615 1803 780 1870 Henricus
818 1811 848 1884 5,
881 1804 937 1892 qui
972 1804 1080 1890 ipsum
1114 1773 1348 1869 Ricardumthe

1338 1791 1399 1891 l'ol'm

248 1900 442 1967 similiter
432 1925 469 1968 ιιι
502 1926 663 1972 carcerem
697 1907 903 1983 detrudebat,
938 1927 1013 1972 cum
1044 1906 1136 1993 prius
1160 1928 1182 1970 a
1204 1855 1447 2024 diceoffeprrv..

249 2002 429 2071 Coelestino
460 2028 545 2093 papa
567 2010 915 2088 excommunicaretur,
945 2014 1095 2074 mortuus
1127 2008 1190 2073 sub
1220 2030 1293 2073 sen·
1279 1975 1445 2093 {imm

246 2107 355 2171 tentia
368 2129 435 2173 non
458 2108 569 2195 potuit
583 2111 722 2198 sepeliri,
738 2112 803 2177 nisi
826 2116 884 2176 aut
905 2111 1038 2176 reddita
1058 2111 1129 2197 regi
1152 2109 1293 2175 Ricardo
1305 2108 1389 2223 2³:2⁰³
1401 2110 1439 2160 for

246 2209 385 2294 pecunia
406 2216 538 2298 recepta
559 2217 618 2278 aut
641 2212 681 2277 de
704 2213 917 2299 permissione
940 2211 1044 2299 ipsius
1066 2217 1164 2277 terrae
1185 2212 1295 2277 trade·
1306 2190 1462 2291 wmnfporssn·

78 2317 231 2384 J.Br0mpc
245 2316 342 2376 retur.
404 2312 538 2378 Accidit
574 2314 676 2379 etiam
713 2315 805 2380 aliud
842 2314 931 2401 quod
967 2335 1077 2400 regem
1115 2313 1293 2378 Ricardum
1306 2306 1426 2359 Riehne

78 2384 167 2436 mm
138 2391 208 2436 lm
245 2413 351 2478 movit
387 2413 431 2478 ad
468 2416 710 2482 correctionem.
759 2425 816 2482 vir
846 2426 965 2497 quidam
995 2424 1226 2480 Cenomannicus
1256 2419 1461 2478 adVisionsecn

247 2514 386 2570 Sanctum
416 2515 560 2572 Jacobum
589 2517 640 2588 pia
665 2517 760 2572 devot'
740 2523 818 2572 rtone
839 2518 987 2588 profectus
1013 2534 1114 2587 sospes
1140 2515 1291 2571 remeavit.
1305 2486 1461 2616 Effizmn

246 2597 302 2666 Qui
321 2599 506 2668 postmodum
524 2600 588 2671 pari
606 2600 760 2656 devotione
783 2601 896 2671 ignitus
920 2607 954 2655 ut
974 2606 1107 2655 sanctum
1125 2599 1293 2672 sepulcrum
1305 2593 1461 2699 „esemng'to

245 2682 364 2736 Domini
390 2682 505 2738 videret
522 2684 674 2755 prooessit.
712 2683 769 2738 Cui
793 2685 892 2740 forsan
916 2683 1048 2753 solivago
1069 2683 1189 2754 quidam
1206 2683 1291 2738 terri·
1305 2685 1425 2741 nichao

243 2774 313 2830 bilis
330 2766 427 2831 vultu
450 2777 596 2848 apparuit
640 2775 816 2832 Pavefactus
839 2776 926 2832 homo
950 2776 1046 2831 crucis
1071 2777 1157 2848 signo
1179 2793 1210 2832 se
1229 2794 1292 2832 mu·

244 2876 328 2930 nivit.
365 2876 423 2931 Ille
441 2881 539 2932 autem
569 2882 709 2949 tanquam
740 2877 926 2949 signaculum
955 2867 1040 2932 illud
1069 2876 1291 2949 parvipendons,

246 2972 265 2996 ‘⁶
284 2969 510 3041 Nequaquam,”
529 2969 635 3042 inquit,
657 2972 676 2996 ‘⁶
689 2970 744 3024 hoc
756 2970 842 3024 modo
860 2975 889 3024 te
900 2970 978 3024 tueri
991 2969 1101 3040 poteris
1120 2970 1191 3040 quin
1209 2986 1292 3023 mous

246 3056 264 3080 ‘⁶
285 3054 336 3109 sis.
373 3053 467 3108 Porro
480 3054 506 3108 si
518 3053 672 3124 procidens
685 3053 853 3107 adoraveris
866 3069 913 3106 me
926 3053 1031 3108 faciam
1043 3060 1073 3108 te
1084 3052 1291 3122 locupletem.'’

139 3191 143 3199 .
244 3145 292 3200 Ad
310 3137 496 3223 haeoinquit
519 3146 606 3201 homo
629 3136 694 3215 ille,
723 3143 843 3199 “Modo
869 3144 964 3215 liquet
987 3151 1017 3200 te
1036 3145 1098 3199 soro
1124 3144 1217 3215 partis
1243 3143 1292 3198 ad-
1376 3156 1383 3171 ·

247 3240 265 3263 “
285 3239 399 3293 verreria.¹
439 3239 505 3294 Sint
525 3243 576 3294 tua
600 3238 673 3301 tibi;
700 3236 773 3291 mihi
799 3237 906 3292 sufficit
924 3236 1035 3292 Christi
1053 3236 1182 3308 largitio,
1204 3253 1291 3306 quom

246 3333 265 3357 “
285 3331 380 3385 solum
398 3329 517 3385 adoro.”
563 3329 630 3385 oui·
643 3329 704 3394 ille,
726 3328 882 3400 “Oportet
899 3335 928 3384 te
946 3317 999 3384 vel
1018 3328 1142 3384 invitum
1160 3328 1291 3399 aliquid²

245 3425 264 3449 “
284 3422 320 3476 de
338 3439 403 3477 mco
421 3421 560 3477 habere.”
596 3422 635 3476 Et
646 3439 713 3476 mox
727 3420 852 3491 jactavit
864 3439 952 3493 super
963 3421 1188 3494 caputhominis
1206 3421 1291 3490 quasi

242 3507 364 3579 pallium
393 3505 491 3562 tenuis
521 3506 662 3570 materia,
689 3523 748 3575 quo
778 3504 908 3559 crinibus
933 3505 1056 3569 adustis
1083 3504 1159 3559 cutis
1186 3504 1291 3574 capitis

242 3599 395 3671 denigrata
412 3599 582 3670 permansit.
629 3598 727 3652 Homo
750 3587 806 3653 ille
829 3597 961 3668 trepidus
987 3597 1126 3653 Sanctum
1148 3595 1290 3651 Jacobum

242 3689 418 3745 inclamavit.
457 3689 514 3758 Qui
535 3706 602 3743 mox
625 3688 765 3745 assistens
790 3689 950 3744 daemonem
968 3687 1145 3759 increpavit;
1171 3705 1205 3743 oc
1224 3687 1290 3757 quis

242 3779 320 3828 esset
338 3773 445 3844 quidve
462 3779 552 3845 negot
553 3773 575 3827 ii
540 3772 722 3828 thaberct
745 3772 909 3844 inquisivit.
956 3771 1020 3842 Quo
1041 3771 1243 3827 constrictus'
1234 3790 1288 3826 rm·

241 3856 332 3967 perio,
354 3855 516 3910 D“aem0n
527 3873 602 3921 sum,
605 3855 766 3927 ''inquit‘
771 3856 919 3911 ‘humano
933 3873 1036 3927 genem
1027 3854 1185 3909 infestus.
1222 3855 1287 3926 Ego

243 3939 464 3995 “Christianos
490 3956 577 4010 reges
603 3939 635 3993 in
661 3939 794 3994 orientali
819 3939 998 4011 profectione
1022 3937 1174 4010 impedivi.
1222 3938 1288 4009 Ego

243 4027 262 4052 “
280 4042 384 4096 regem
401 4023 561 4079 Ricardum
579 4041 631 4096 per
648 4025 818 4080 ministrum
835 4041 934 4078 meum
952 4023 1057 4079 ducem
1074 4022 1204 4078 Austrire
1222 4041 1288 4094 cap·

243 4112 263 4136 “
282 4108 383 4163 tivavi.
421 4108 487 4178 Ego
503 4125 606 4178 regem
619 4107 779 4163 Ricardum
791 4114 947 4180 postquam
958 4107 1100 4162 liberatus
1113 4111 1159 4161 est
1172 4106 1287 4178 jugiter

243 4195 262 4220 ‘⁶
282 4191 491 4256 circumvallo,'
508 4193 660 4261 potissime
685 4193 764 4248 circa
787 4192 883 4247 cubile
907 4191 971 4263 ejus
989 4197 1020 4246 et
1037 4190 1116 4246 circa
1132 4190 1286 4246 thesauros

242 4285 259 4313 “
282 4275 352 4361 ejus
375 4301 447 4354 quos
465 4275 562 4340 avide
584 4284 747 4340 recondit.”
791 4282 859 4338 Hiis
880 4282 967 4338 dictis
991 4282 1104 4337 daemon
1122 4281 1284 4353 disparuit;

273 4600 279 4630 ¹
292 4598 413 4665 cdccrsoe]
426 4598 540 4658 sinistra,
550 4598 663 4663 Brompt.
819 4595 1004 4663 ‘cumaeum
1017 4599 1113 4661 musa,
1124 4598 1151 4649 J.
1162 4598 1193 4651 B.

271 4677 399 4745 ²olr'qur‘d]
412 4679 506 4744 aliquit,
518 4678 574 4731 MS.
