3256 5692
370 793 439 858 404
692 807 789 858 nuso
811 803 921 856 suess
943 804 1103 868 Qnmrus

205 982 274 1034 AD.
289 987 353 1034 1199
371 977 528 1049 ignoravit.
565 978 714 1035 'fullonem
726 987 823 1036 tamen
840 998 891 1036 rex
910 980 930 1036 J
931 980 1058 1036 ohannes
1076 979 1137 1035 suis
1149 978 1285 1035 hostibus
1297 977 1420 1033 reddere

204 1055 325 1141 *2¹⁶3
371 1069 537 1134 peroptans,
568 1064 667 1119 furore
695 1065 834 1137 repletus,
866 1065 1022 1120 orientales
1051 1063 1168 1136 Anglioe
1204 1069 1305 1135 partes
1336 1062 1419 1123 adiit,

205 1129 359 1243 Rs‘ffl‘t'ffl
371 1147 471 1218 ibique
492 1152 586 1202 terras
608 1148 737 1202 bostium
763 1165 884 1204 suorum
910 1148 1066 1220 direptioni
1091 1147 1180 1212 dedit,
1206 1146 1369 1217 domosque
1392 1151 1422 1197 et

205 1211 308 1311 3οὴιὸ
371 1231 502 1285 maneria
518 1230 696 1296 combussit3
715 1232 759 1286 ita
776 1231 855 1302 quod
873 1248 931 1286 non
948 1231 1082 1286 meminit
1093 1237 1164 1286 aetas
1185 1230 1287 1301 aliqua
1304 1229 1421 1284 tantillo

372 1320 502 1385 tempore
520 1314 610 1368 talem
628 1314 860 1371 combustionem
878 1315 1059 1387 inpartibus
1077 1313 1139 1369 illis
1156 1314 1250 1369 fuisse
1270 1317 1420 1385 perpetra

371 1402 441 1452 tam.
476 1397 525 1463 Ilt,
538 1415 644 1453 versus
662 1397 782 1454 boream
794 1397 927 1464 tendens,
946 1399 978 1455 in
996 1397 1159 1455 itinerando
1178 1395 1257 1469 apud
1275 1402 1420 1452 monaste·

371 1481 449 1535 rium
467 1481 503 1536 de
528 1481 745 1553 Swynesbeved
765 1482 851 1553 juxta
879 1482 1018 1539 Sanctum
1044 1481 1226 1552 Botulphum
1249 1481 1421 1536 infirmitate

371 1565 457 1636 gravi
476 1572 639 1637 correptus,
671 1566 724 1622 sed
751 1567 818 1623 inde
845 1567 1047 1639 progrediens,
1076 1565 1154 1638 opud
1171 1564 1302 1620 Newerlr
1319 1564 1421 1620 morbo

371 1648 563 1705 dissenterico
592 1650 674 1707 obiit.
724 1651 828 1707 Tradit
856 1657 954 1706 tamen
983 1649 1105 1721 vulgata
1132 1649 1211 1705 fama
1236 1647 1318 1720 qnod
1344 1646 1422 1719 apud

371 1732 484 1789 dictum
495 1735 705 1789 monasterium
716 1734 753 1789 de
767 1734 983 1805 Swynesheved
994 1733 1169 1790 intoxicatus
1181 1732 1298 1788 obierit
1335 1731 1356 1787 J
1357 1749 1422 1786 ure·

372 1822 457 1873 verat
480 1817 568 1882 enim,
600 1823 635 1874 ut
657 1817 775 1883 dieitur,
803 1819 914 1874 ibidem
941 1817 1097 1891 prandens,
1123 1815 1202 1888 quod
1225 1833 1333 1888 panem
1352 1822 1421 1871 tuuc

373 1900 505 1956 obolum¹
524 1901 672 1957 valentem
685 1902 794 1958 faceret
806 1901 883 1958 infra
900 1921 1018 1967 annum,
1033 1902 1059 1957 si
1077 1900 1201 1966 viveret,
1214 1900 1266 1955 xii.
1287 1899 1422 1954 denarios

373 1984 480 2040 valere.
516 1984 600 2054 Quod
626 1985 758 2050 audiens,
778 2004 855 2041 unus
872 1985 909 2040 de
927 1986 1076 2041 conversis
1097 1984 1238 2040 fratribus
1262 1984 1321 2039 loci
1340 1982 1422 2037 illius

372 2086 516 2124 venenum
534 2069 660 2126 confecit
672 2076 702 2125 et
718 2070 785 2141 regi
803 2070 940 2141 porrexit.
980 2069 1040 2126 Sed
1057 2075 1088 2126 et
1105 2069 1180 2141 ipse,
1203 2075 1321 2139 sumpto
1339 2067 1422 2139 prius

373 2152 515 2209 catholieo
540 2152 658 2220 viatico,
690 2153 779 2210 simul
809 2172 878 2210 cum
907 2171 979 2224 rege
1004 2153 1128 2209 interiit.
1177 2152 1304 2207 Interim
1340 2168 1420 2216 vero,

205 2309 248 2358 Ex
372 2234 507 2292 dominus
524 2254 600 2308 papa
616 2255 707 2292 unum
724 2238 857 2309 legatum
868 2237 900 2291 in
911 2237 1052 2308 Angliam
1065 2235 1234 2299 destinavit,
1250 2235 1289 2290 ad
1306 2241 1421 2306 portem

249 2325 361 2361 commu·
428 2320 435 2332 ·
593 2321 599 2333 ·
1130 2321 1137 2332 ·
1263 2319 1270 2331 ·

204 2375 327 2494 geppe
371 2320 617 2459 §tritt-tt?
632 2321 1062 2476 ttlsltttttffttt
1078 2319 1422 2458 gfflffigffl

203 2507 289 2560 Lm
370 2486 427 2550 nis,
452 2486 615 2543 Henricum
633 2488 728 2544 filium
752 2506 849 2552 suum,
875 2505 1001 2560 puerum
1024 2487 1064 2542 ix.
1089 2504 1243 2551 annorum,
1264 2486 1296 2541 in
1318 2503 1422 2556 regem

370 2569 479 2624 fecerat
495 2570 646 2635 coronari3
666 2577 799 2626 ettotam
818 2571 958 2626 Wulliam
976 2570 1136 2634 interdixit,
1150 2587 1186 2625 eo
1204 2569 1284 2641 qnod
1306 2569 1422 2624 baroni-

369 2652 424 2707 bus
437 2653 504 2724 regi
515 2652 644 2709 Henrico
655 2655 865 2710 rebellantibus
877 2655 1074 2711 adhaerebant.
1111 2655 1329 2726 Magnetesque
1339 2652 1422 2724 regis

203 2727 358 2846 fficiam
369 2735 493 2793 Henrici
510 2737 632 2793 barones
645 2737 793 2794 Lodowiei
804 2739 884 2810 apud
901 2738 1084 2794 Lincolniam
1101 2737 1285 2794 devicerunt.
1323 2735 1420 2792 Nave-

205 1366 255 1416 His
265 1367 349 1418 death.

204 2861 317 2913 desum
368 2820 465 2892 lisque
477 2821 633 2888 exercitus,
646 2821 684 2877 de
701 2821 827 2878 Francia
843 2821 964 2879 veniens
982 2823 1014 2878 in
1034 2822 1175 2878 auxilium
1195 2819 1354 2885 Lodowici,
1367 2837 1420 2891 per

320 2900 327 2913 '
370 2912 473 2976 gentes
484 2904 620 2978 Quinque
631 2905 776 2961 Portuum
794 2912 899 2978 eaptus
916 2911 972 2971 est,
986 2912 1018 2963 et
1034 2923 1137 2961 eorum
1148 2923 1238 2960 naves
1258 2904 1420 2960 submersoe

204 2985 358 3066 withdraw·
371 2989 501 3045 fuerunt.
537 2990 622 3045 Unde
633 2989 730 3046 dictus
748 2989 930 3055 Lodowious,
944 2989 1023 3062 apud
1034 2989 1198 3046 Londonies
1210 2994 1419 3051 commoratus,

205 3053 430 3129 ¹¹¹⁰fl'‘¹¹¹⁰⁰sibi
450 3074 487 3129 de
508 3075 676 3130 confusione
698 3073 855 3129 metuebat.
894 3073 954 3129 Sed
974 3072 1262 3139 tendem,'mediante
1278 3071 1379 3142 legato
1391 3078 1421 3127 et

204 3119 290 3170 mi&
373 3159 449 3222 eliis,
478 3158 515 3213 de
541 3176 612 3229 pace
637 3158 714 3214 inter
738 3177 839 3229 regem
864 3156 1029 3212 Henricum
1056 3163 1087 3213 et
1109 3158 1208 3229 ipsum
1232 3155 1419 3211 Lodowieum

372 3244 469 3298 fueret
491 3244 693 3313 prmlocutum.
731 3242 815 3298 Unde
839 3242 915 3296 inter
940 3258 990 3297 eos
1015 3241 1056 3296 ita
1079 3243 1176 3296 fuerat
1202 3240 1419 3304 concordatum,

373 3326 451 3397 quod
463 3327 541 3397 capti
558 3326 651 3397 partis
670 3326 825 3397 utriusque
846 3326 884 3380 ad
901 3325 1068 3380 libertatem
1081 3325 1273 3389 solverentur,
1288 3330 1318 3379 et
1330 3324 1422 3379 Ledo·

372 3409 472 3471 wicus,
495 3410 622 3480 acceptis
640 3426 693 3480 pro
712 3410 847 3480 expensis
866 3409 927 3465 suis
945 3409 1026 3463 mille
1044 3408 1138 3473 libris,
1159 3426 1309 3480 possessas
1328 3410 1422 3479 resig-

372 3499 456 3547 naret
473 3492 649 3547 munitiones
669 3499 700 3548 et
716 3492 828 3563 Anglie
839 3493 941 3557 exiret,
960 3492 1087 3548 ulterius
1105 3510 1163 3548 non
1180 3511 1356 3547 reversurus
1371 3493 1422 3563 jus

372 3576 403 3629 in
422 3593 457 3628 eu
475 3575 593 3644 aliquod
605 3574 794 3630 vendicando.
837 3577 954 3648 Sicque,
975 3576 1155 3632 absolutione
1168 3595 1186 3631 a
1197 3576 1297 3646 legato
1317 3595 1374 3648 pro
1391 3594 1423 3631 se

372 3665 403 3713 ct
421 3658 478 3713 sibi
496 3659 660 3714 faventibus
678 3661 865 3730 praeobtenta,
887 3661 1042 3716 Franciam
1059 3660 1226 3716 remeavit(

441 3916 448 3946 ¹
466 3913 570 3980 obelum]
591 3915 702 3979 obulum,
713 3915 773 3966 here
785 3917 835 3966 und
846 3915 979 3967 elsewhere
990 3915 1033 3965 the
1044 3915 1153 3980 spelling
1164 3914 1264 3965 olboth
1276 3915 1355 3966 MSS.
