3232 5692
360 734 425 801 398
682 749 780 799 nuno
803 747 911 799 anans
933 749 1093 810 curares.

192 929 259 979 Μ).
275 931 506 1013 ¹2¹⁶·ternpore
544 927 629 1014 regis
663 925 800 992 Henrici
838 927 899 992 filii
936 926 988 992 sui
1026 926 1069 992 ad
1107 928 1240 995 finalem
1279 926 1426 992 exitum

359 1051 416 1116 per
445 1031 566 1096 statuti
595 1030 844 1097 renovationem
867 1030 1082 1109 devenerunt,
1106 1037 1145 1097 ut
1176 1054 1236 1099 suo
1259 1035 1426 1118 tempore

359 1131 524 1200 referetur.

361 1416 441 1484 Cur.
465 1415 581 1483 XVII.
613 1416 663 1482 Dc
679 1416 894 1483 coronatione
910 1416 999 1503 repis
1015 1418 1163 1485 Hebraei
1186 1422 1232 1498 3,·
1270 1414 1423 1484 debello

449 1519 544 1607 opud
566 1516 795 1596 lincolniam,
811 1525 839 1585 cl
856 1542 983 1586 recessu
1006 1520 1184 1588 Locloatct

193 1697 347 1750 samnatica
405 1681 571 1747 Henricus
595 1685 653 1760 3¹¹⁰,
683 1684 814 1746 mortuo
842 1685 936 1768 patre
964 1702 1024 1747 auo
1050 1702 1127 1770 rege
1149 1681 1304 1748 Johanne
1327 1703 1422 1770 prae·

191 1766 319 1883 ‘I’fffstn'l
360 1784 456 1861 dicto,
481 1805 564 1871 puer
587 1786 606 1849 9
630 1804 803 1864 annorum,
828 1805 906 1848 mox
928 1784 964 1848 in
987 1784 1070 1850 festo
1097 1784 1327 1872 apostolorum·
1346 1786 1418 1872 Sy·

360 1887 468 1952 monis
492 1890 526 1952 et
548 1886 648 1952 Judm
676 1886 766 1973 apud
789 1885 1001 1951 Gloverniam
1027 1886 1063 1951 in
1088 1909 1197 1974 regem
1222 1893 1419 1964 coronatur,

360 1988 550 2055 faventibus
578 1989 608 2054 ei
639 1987 749 2075 legato
781 1987 948 2067 Gwaloue,
982 1987 1217 2075 Wyntoniensi
1250 1992 1418 2079 episeopo,

360 2090 538 2157 comitibus
571 2089 611 2158 de
652 2090 818 2169 Penbruk‚
852 2091 892 2156 de
924 2090 1062 2168 Oestria,
1094 2090 1135 2157 de
1168 2091 1333 2180 Strogoyl
1371 2095 1418 2158 de

361 2195 503 2272 Forrcrs,
519 2199 553 2260 et
575 2194 649 2259 aliis
672 2192 869 2280 quibusdam
896 2193 1109 2281 magnatibus
1131 2198 1237 2273 terrm,
1262 2198 1319 2283 qui
1337 2197 1417 2283 jam

360 2297 449 2387 patri
471 2320 532 2364 sue
554 2297 663 2363 adhuc
684 2296 815 2363 viventi
839 2296 1061 2363 adhaerebant
1108 2296 1272 2385 Imposuit
1297 2304 1417 2365 autem

291 2434 294 2444 ·
359 2402 391 2466 ei
417 2422 577 2476 coronam,
602 2420 643 2464 ex
677 2399 773 2483 jussu
808 2399 920 2486 legati,
943 2398 1194 2486 Wynteniensis
1231 2402 1415 2488 episeopus,

361 2502 530 2590 Stephano
563 2501 794 2569 cantuariensi
818 2501 1060 2590 archiepiscopo
1083 2502 1118 2566 in
1146 2503 1295 2568 Romana
1317 2505 1417 2570 curia

194 2617 332 2669 senonen
360 2606 533 2671 existento.
591 2603 721 2669 Deinde
750 2602 857 2669 Gualo
885 2604 1015 2691 legatus
1041 2604 1214 2671 concilium
1244 2607 1415 2695 cpiscopo-

193 2687 333 2818 affl&
361 2731 434 2774 rurn
476 2707 637 2786 undecim,
682 2706 903 2794 prelatorum,
936 2712 1130 2794 magnatum
1167 2715 1202 2774 et
1238 2708 1414 2788 baronum,

194 2819 336 2886 chalegus.
361 2811 494 2899 Angliae
526 2815 561 2876 et
583 2809 723 2887 Walliae,
755 2809 878 2876 fecerat
913 2809 1091 2892 celebrari;
1126 2811 1193 2890 ubi,
1215 2814 1350 2879 consilio
1375 2820 1414 2880 ct

360 2913 587 2981 admonitione
608 2912 718 2999 legati,
742 2913 854 2978 cuncti
870 2913 1010 3000 majores
1025 2913 1161 2979 concilio
1176 2915 1413 2984 interessentes

194 3034 234 3085 110
248 3049 349 3084 excom·
360 3018 557 3084 fidelitatem
580 3037 667 3082 novo
690 3016 761 3103 regi
784 3015 929 3082 Henrioo
947 3017 1150 3103 juraverunt
1162 3042 1171 3098 ;
1193 3023 1228 3084 et
1249 3019 1411 3085 continuo

193 3101 332 3233 {¹¹}ssssngss
360 3121 491 3209 legatus
505 3126 611 3185 totam
635 3118 791 3184 Walliam
814 3118 1000 3199 interdixit,
1023 3141 1082 3206 pro
1106 3140 1143 3185 eo
1167 3121 1255 3206 quod
1277 3122 1412 3188 baroni-

193 3243 337 3302 opponenu.
360 3226 422 3291 bus
444 3223 514 3311 regi
536 3222 682 3287 Henrice
705 3220 942 3286 rebellantibus
965 3221 1186 3300 adhaerebant,
1206 3223 1411 3311 baroncsque

361 3329 448 3416 ipsos
470 3330 505 3391 et
528 3347 641 3391 ornnes
664 3324 746 3389 alios
772 3325 830 3411 qui
853 3324 1024 3389 consilium
1047 3345 1104 3390 seu
1122 3326 1282 3412 juvamen
1305 3329 1411 3395 rebel-

361 3430 452 3496 landi
476 3427 611 3495 contra¹
647 3449 771 3493 novum
803 3449 912 3514 regem
948 3426 1131 3493 Henricum
1171 3430 1409 3514 ministrarent,

361 3530 695 3599 excommunicationi
718 3529 918 3595 involvebat.
966 3529 1162 3597 Lodowicus
1185 3537 1306 3613 tamen,
1331 3534 1410 3600 Plri-

360 3637 443 3724 lippi
465 3635 550 3722 regis
574 3632 720 3698 Franeim
742 3632 839 3711 filius,
861 3632 995 3699 castella
1017 3633 1057 3698 de
1080 3635 1224 3701 Derham
1247 3644 1282 3702 et
1305 3638 1411 3704 Hero-

361 3738 470 3805 forth⁹
492 3738 578 3804 eirca
601 3736 719 3801 festum
745 3735 876 3801 Sanctae
892 3736 1003 3801 Lucire
1018 3737 1114 3823 cepit.
1150 3738 1358 3825 Baronesque
1379 3742 1410 3806 ei

361 3842 566 3908 adhaerentes
590 3843 624 3903 et
647 3839 697 3903 sui
723 3838 933 3924 Francigenae
956 3843 1054 3904 tanta
1075 3842 1269 3928 gravamina
1292 3844 1410 3931 Angli-

361 3946 454 4033 genis
477 3943 663 4009 inferebant
685 3946 725 4007 ut
759 3941 877 4027 reliqui
904 3948 1074 4029 magnates
1097 3948 1131 4009 et
1159 3945 1281 4031 vulgus
1304 3952 1410 4024 terne,

195 4062 265 4113 ssa.
362 4071 475 4115 eorum
509 4044 678 4111 maleficiis
712 4044 890 4131 provocati,
931 4043 1139 4111 Lodowioum
1173 4069 1246 4112 cum
1275 4050 1343 4114 auis
1366 4051 1409 4115 ab

195 4166 334 4247 Thcputy
363 4151 484 4238 Anglia
521 4147 700 4236 propellere
743 4151 948 4212 conarentur.
1016 4147 1140 4235 Magna
1176 4155 1289 4216 tamen
1334 4176 1409 4240 pars
1512 4144 1515 4149 ¹

194 4235 311 4284 ⁰¹¹¹⁰⁰¹⁸
364 4253 640 4339 Francigenarum
662 4254 697 4315 et
719 4250 879 4316 baronum
899 4250 1186 4329 Lodowicensium,
1207 4253 1408 4321 Lincoluiarn

194 4302 307 4352 defeated
318 4307 345 4351 at

195 4368 311 4418 Lincoln.

371 4428 541 4440 —-——-—--
552 4425 752 4434 ..-----.—-—-
763 4426 771 4431 a
809 4425 936 4432 ·-—----
947 4426 1024 4433 .-—...
1037 4427 1145 4435 .—-.-...
1153 4429 1237 4435 -.ι-..-

396 4530 403 4560 ¹
421 4524 519 4588 rantra]
538 4522 655 4586 repeated
666 4521 693 4569 in
705 4519 761 4569 MS.
911 4519 956 4582 ing
976 4521 1006 4568 os
1023 4521 1064 4568 the
1078 4520 1133 4572 MS.
1147 4523 1185 4572 sor
1197 4524 1409 4589 Borkhnmpsnnd

395 4608 405 4637 ²
422 4598 709 4664 DcrluunelHercsorllu]
724 4599 780 4649 The
790 4598 861 4648 read·
910 4599 959 4648 und
972 4598 1096 4649 llousord.
