<?xml version="1.0" encoding="UTF-8"?>
<!DOCTYPE html PUBLIC "-//W3C//DTD XHTML 1.0 Transitional//EN"
    "http://www.w3.org/TR/xhtml1/DTD/xhtml1-transitional.dtd">
<html xmlns="http://www.w3.org/1999/xhtml" xml:lang="en" lang="en">
 <head>
  <title>
</title>
<meta http-equiv="Content-Type" content="text/html;charset=utf-8" />
  <meta name='ocr-system' content='tesseract 3.04.00' />
  <meta name='ocr-capabilities' content='ocr_page ocr_carea ocr_par ocr_line ocrx_word'/>
</head>
<body>
  <div class='ocr_page' id='page_1' title='image "./chronicamonaste00thomgoog_0497.png"; bbox 0 0 3256 5692; ppageno 0'>
   <div class='ocr_carea' id='block_1_1' title="bbox 372 781 1105 854">
    <p class='ocr_par' dir='ltr' id='par_1_1' title="bbox 372 781 1105 854">
     <span class='ocr_line' id='line_1_1' title="bbox 372 781 1105 854; baseline 0 -10"><span class='ocrx_word' id='word_1_1' title='bbox 372 781 437 844; x_wconf 80' lang='grc'><strong>396</strong></span> <span class='ocrx_word' id='word_1_2' title='bbox 694 796 793 845; x_wconf 81' lang='lat' dir='ltr'><strong>nuso</strong></span> <span class='ocrx_word' id='word_1_3' title='bbox 815 793 923 843; x_wconf 73' lang='lat' dir='ltr'><strong>assas</strong></span> <span class='ocrx_word' id='word_1_4' title='bbox 945 793 1105 854; x_wconf 76' lang='lat' dir='ltr'><strong>Qumrus</strong></span> 
     </span>
    </p>
   </div>
   <div class='ocr_carea' id='block_1_2' title="bbox 202 969 1422 4341">
    <p class='ocr_par' dir='ltr' id='par_1_2' title="bbox 204 969 1422 1775">
     <span class='ocr_line' id='line_1_2' title="bbox 206 969 1422 1057; baseline 0.007 -33"><span class='ocrx_word' id='word_1_5' title='bbox 206 975 274 1026; x_wconf 66' lang='lat' dir='ltr'><strong>Aa).</strong></span> <span class='ocrx_word' id='word_1_6' title='bbox 290 982 360 1026; x_wconf 74' lang='lat' dir='ltr'><strong>rara.</strong></span> <span class='ocrx_word' id='word_1_7' title='bbox 375 970 586 1034; x_wconf 87' lang='lat' dir='ltr'><strong>minarentur.</strong></span> <span class='ocrx_word' id='word_1_8' title='bbox 633 969 784 1035; x_wconf 76' lang='lat' dir='ltr'>Castrum</span> <span class='ocrx_word' id='word_1_9' title='bbox 808 992 937 1057; x_wconf 88' lang='lat' dir='ltr'><strong>quoque</strong></span> <span class='ocrx_word' id='word_1_10' title='bbox 960 971 1178 1048; x_wconf 84' lang='lat' dir='ltr'><strong>Rowcestriae,</strong></span> <span class='ocrx_word' id='word_1_11' title='bbox 1201 970 1263 1034; x_wconf 91' lang='lat' dir='ltr'><strong>ubi</strong></span> <span class='ocrx_word' id='word_1_12' title='bbox 1280 969 1422 1055; x_wconf 85' lang='lat' dir='ltr'><strong>jampri-</strong></span> 
     </span>
     <span class='ocr_line' id='line_1_3' title="bbox 206 1056 1421 1174; baseline -0.002 -38"><span class='ocrx_word' id='word_1_13' title='bbox 206 1056 343 1174; x_wconf 51' lang='lat' dir='ltr'><strong>{gfffgfer</strong></span> <span class='ocrx_word' id='word_1_14' title='bbox 373 1072 447 1136; x_wconf 88' lang='lat' dir='ltr'><strong>denr</strong></span> <span class='ocrx_word' id='word_1_15' title='bbox 471 1094 617 1158; x_wconf 82' lang='lat' dir='ltr'><strong>proceres</strong></span> <span class='ocrx_word' id='word_1_16' title='bbox 646 1073 916 1159; x_wconf 75' lang='lat' dir='ltr'><strong>conspiraverant</strong></span> <span class='ocrx_word' id='word_1_17' title='bbox 944 1077 1060 1138; x_wconf 87' lang='lat' dir='ltr'><strong>eontra</strong></span> <span class='ocrx_word' id='word_1_18' title='bbox 1088 1093 1210 1159; x_wconf 85' lang='lat' dir='ltr'><strong>regern,</strong></span> <span class='ocrx_word' id='word_1_19' title='bbox 1234 1093 1294 1136; x_wconf 83' lang='lat' dir='ltr'><strong>rex</strong></span> <span class='ocrx_word' id='word_1_20' title='bbox 1319 1092 1421 1135; x_wconf 88' lang='lat' dir='ltr'><strong>manu</strong></span> 
     </span>
     <span class='ocr_line' id='line_1_4' title="bbox 205 1160 1422 1263; baseline 0 -25"><span class='ocrx_word' id='word_1_21' title='bbox 205 1204 297 1256; x_wconf 57' lang='lat' dir='ltr'><strong>pm</strong></span> <span class='ocrx_word' id='word_1_22' title='bbox 343 1160 511 1240; x_wconf 57' lang='lat' dir='ltr'><strong>‘militari</strong></span> <span class='ocrx_word' id='word_1_23' title='bbox 548 1181 774 1262; x_wconf 80' lang='lat' dir='ltr'><strong>oppugnatum</strong></span> <span class='ocrx_word' id='word_1_24' title='bbox 811 1175 969 1263; x_wconf 88' lang='lat' dir='ltr'><strong>capiebat.</strong></span> <span class='ocrx_word' id='word_1_25' title='bbox 1026 1175 1178 1241; x_wconf 89' lang='lat' dir='ltr'><strong>Proceres</strong></span> <span class='ocrx_word' id='word_1_26' title='bbox 1217 1197 1297 1240; x_wconf 90' lang='lat' dir='ltr'><strong>vero</strong></span> <span class='ocrx_word' id='word_1_27' title='bbox 1342 1179 1422 1239; x_wconf 91' lang='lat' dir='ltr'><strong>tunc</strong></span> 
     </span>
     <span class='ocr_line' id='line_1_5' title="bbox 204 1273 1421 1388; baseline 0 -46"><span class='ocrx_word' id='word_1_28' title='bbox 204 1273 324 1388; x_wconf 34' lang='lat' dir='ltr'><strong>{aquira</strong></span> <span class='ocrx_word' id='word_1_29' title='bbox 373 1277 460 1364; x_wconf 89' lang='lat' dir='ltr'><strong>apud</strong></span> <span class='ocrx_word' id='word_1_30' title='bbox 483 1277 668 1343; x_wconf 86' lang='lat' dir='ltr'><strong>Londonias</strong></span> <span class='ocrx_word' id='word_1_31' title='bbox 690 1283 938 1355; x_wconf 75' lang='lat' dir='ltr'><strong>commorantes,</strong></span> <span class='ocrx_word' id='word_1_32' title='bbox 962 1277 1048 1344; x_wconf 88' lang='lat' dir='ltr'><strong>sieut</strong></span> <span class='ocrx_word' id='word_1_33' title='bbox 1068 1277 1158 1365; x_wconf 87' lang='lat' dir='ltr'><strong>apud</strong></span> <span class='ocrx_word' id='word_1_34' title='bbox 1181 1276 1421 1343; x_wconf 83' lang='lat' dir='ltr'><strong>Rowcestrism</strong></span> 
     </span>
     <span class='ocr_line' id='line_1_6' title="bbox 205 1355 1422 1468; baseline 0 -24"><span class='ocrx_word' id='word_1_35' title='bbox 205 1355 302 1457; x_wconf 49' lang='lat' dir='ltr'><strong>insidi</strong></span> <span class='ocrx_word' id='word_1_36' title='bbox 372 1380 585 1446; x_wconf 76' lang='lat' dir='ltr'><strong>decreverant</strong></span> <span class='ocrx_word' id='word_1_37' title='bbox 607 1380 840 1467; x_wconf 78' lang='lat' dir='ltr'><strong>peragendum,</strong></span> <span class='ocrx_word' id='word_1_38' title='bbox 858 1379 1009 1467; x_wconf 89' lang='lat' dir='ltr'><strong>Philippo</strong></span> <span class='ocrx_word' id='word_1_39' title='bbox 1024 1379 1094 1468; x_wconf 82' lang='lat' dir='ltr'><strong>regi</strong></span> <span class='ocrx_word' id='word_1_40' title='bbox 1117 1379 1268 1446; x_wconf 85' lang='lat' dir='ltr'><strong>Franciae</strong></span> <span class='ocrx_word' id='word_1_41' title='bbox 1284 1379 1422 1445; x_wconf 86' lang='lat' dir='ltr'><strong>nuntios</strong></span> 
     </span>
     <span class='ocr_line' id='line_1_7' title="bbox 204 1475 1421 1590; baseline -0.001 -43"><span class='ocrx_word' id='word_1_42' title='bbox 204 1475 309 1590; x_wconf 50' lang='lat' dir='ltr'><strong>‘ffi’ff</strong></span> <span class='ocrx_word' id='word_1_43' title='bbox 372 1482 588 1558; x_wconf 72' lang='lat' dir='ltr'><strong>destinarunt,</strong></span> <span class='ocrx_word' id='word_1_44' title='bbox 606 1482 784 1568; x_wconf 89' lang='lat' dir='ltr'><strong>[petentes]</strong></span> <span class='ocrx_word' id='word_1_45' title='bbox 809 1481 1022 1548; x_wconf 83' lang='lat' dir='ltr'><strong>Lodowieum</strong></span> <span class='ocrx_word' id='word_1_46' title='bbox 1044 1481 1152 1547; x_wconf 91' lang='lat' dir='ltr'><strong>filium</strong></span> <span class='ocrx_word' id='word_1_47' title='bbox 1173 1505 1272 1548; x_wconf 88' lang='lat' dir='ltr'><strong>suum</strong></span> <span class='ocrx_word' id='word_1_48' title='bbox 1296 1482 1421 1569; x_wconf 87' lang='lat' dir='ltr'><strong>prirno-</strong></span> 
     </span>
     <span class='ocr_line' id='line_1_8' title="bbox 209 1557 1420 1674; baseline 0 -26"><span class='ocrx_word' id='word_1_49' title='bbox 209 1619 225 1669; x_wconf 61' lang='lat' dir='ltr'>g</span> <span class='ocrx_word' id='word_1_50' title='bbox 234 1624 265 1669; x_wconf 68' lang='lat'><strong>53</strong></span> <span class='ocrx_word' id='word_1_51' title='bbox 278 1557 357 1674; x_wconf 39' lang='lat'><strong>,0⁰⁰⁸</strong></span> <span class='ocrx_word' id='word_1_52' title='bbox 370 1583 520 1671; x_wconf 83' lang='lat' dir='ltr'><strong>genitum</strong></span> <span class='ocrx_word' id='word_1_53' title='bbox 542 1584 586 1650; x_wconf 89' lang='lat' dir='ltr'><strong>ud</strong></span> <span class='ocrx_word' id='word_1_54' title='bbox 608 1584 702 1671; x_wconf 84' lang='lat' dir='ltr'><strong>regni</strong></span> <span class='ocrx_word' id='word_1_55' title='bbox 733 1585 888 1671; x_wconf 87' lang='lat' dir='ltr'><strong>regimen,</strong></span> <span class='ocrx_word' id='word_1_56' title='bbox 911 1584 947 1649; x_wconf 87' lang='lat' dir='ltr'><strong>in</strong></span> <span class='ocrx_word' id='word_1_57' title='bbox 970 1607 1080 1672; x_wconf 84' lang='lat' dir='ltr'><strong>regem</strong></span> <span class='ocrx_word' id='word_1_58' title='bbox 1103 1584 1237 1672; x_wconf 83' lang='lat' dir='ltr'><strong>Angliae</strong></span> <span class='ocrx_word' id='word_1_59' title='bbox 1259 1605 1420 1650; x_wconf 87' lang='lat' dir='ltr'><strong>coronan-</strong></span> 
     </span>
     <span class='ocr_line' id='line_1_9' title="bbox 266 1686 1417 1775; baseline -0.002 -23"><span class='ocrx_word' id='word_1_60' title='bbox 266 1764 269 1769; x_wconf 90' lang='lat'><em>.</em></span> <span class='ocrx_word' id='word_1_61' title='bbox 371 1687 459 1766; x_wconf 92' lang='lat' dir='ltr'><strong>dum,</strong></span> <span class='ocrx_word' id='word_1_62' title='bbox 477 1693 516 1752; x_wconf 92' lang='lat' dir='ltr'><strong>ut</strong></span> <span class='ocrx_word' id='word_1_63' title='bbox 538 1709 639 1751; x_wconf 87' lang='lat' dir='ltr'><strong>mauu</strong></span> <span class='ocrx_word' id='word_1_64' title='bbox 653 1686 791 1752; x_wconf 88' lang='lat' dir='ltr'><strong>robusta</strong></span> <span class='ocrx_word' id='word_1_65' title='bbox 812 1687 949 1753; x_wconf 89' lang='lat' dir='ltr'><strong>veniens</strong></span> <span class='ocrx_word' id='word_1_66' title='bbox 971 1709 1080 1775; x_wconf 84' lang='lat' dir='ltr'><strong>negem</strong></span> <span class='ocrx_word' id='word_1_67' title='bbox 1103 1686 1212 1773; x_wconf 88' lang='lat' dir='ltr'><strong>ipsum</strong></span> <span class='ocrx_word' id='word_1_68' title='bbox 1227 1686 1417 1754; x_wconf 79' lang='lat' dir='ltr'><strong>dohannem</strong></span> 
     </span>
    </p>

    <p class='ocr_par' dir='ltr' id='par_1_3' title="bbox 371 1788 1420 1876">
     <span class='ocr_line' id='line_1_10' title="bbox 371 1788 1420 1876; baseline -0.001 -22"><span class='ocrx_word' id='word_1_69' title='bbox 371 1813 392 1854; x_wconf 89' lang='lat' dir='ltr'><strong>a</strong></span> <span class='ocrx_word' id='word_1_70' title='bbox 414 1812 516 1876; x_wconf 78' lang='lat' dir='ltr'><strong>regnu</strong></span> <span class='ocrx_word' id='word_1_71' title='bbox 536 1795 572 1854; x_wconf 90' lang='lat' dir='ltr'><strong>et</strong></span> <span class='ocrx_word' id='word_1_72' title='bbox 593 1788 751 1875; x_wconf 80' lang='lat' dir='ltr'><strong>regimine</strong></span> <span class='ocrx_word' id='word_1_73' title='bbox 774 1789 979 1876; x_wconf 85' lang='lat' dir='ltr'><strong>propelleret,</strong></span> <span class='ocrx_word' id='word_1_74' title='bbox 996 1789 1135 1854; x_wconf 89' lang='lat' dir='ltr'><strong>ulterius</strong></span> <span class='ocrx_word' id='word_1_75' title='bbox 1158 1789 1295 1855; x_wconf 91' lang='lat' dir='ltr'><strong>minime</strong></span> <span class='ocrx_word' id='word_1_76' title='bbox 1311 1810 1420 1854; x_wconf 78' lang='lat' dir='ltr'><strong>rever-</strong></span> 
     </span>
    </p>

    <p class='ocr_par' dir='ltr' id='par_1_4' title="bbox 371 1891 1419 1979">
     <span class='ocr_line' id='line_1_11' title="bbox 371 1891 1419 1979; baseline -0.002 -21"><span class='ocrx_word' id='word_1_77' title='bbox 371 1915 492 1958; x_wconf 88' lang='lat' dir='ltr'><strong>surum.</strong></span> <span class='ocrx_word' id='word_1_78' title='bbox 538 1893 687 1978; x_wconf 86' lang='lat' dir='ltr'><strong>Cumque</strong></span> <span class='ocrx_word' id='word_1_79' title='bbox 720 1914 779 1957; x_wconf 81' lang='lat' dir='ltr'><strong>rex</strong></span> <span class='ocrx_word' id='word_1_80' title='bbox 803 1891 950 1958; x_wconf 85' lang='lat' dir='ltr'><strong>Franciae</strong></span> <span class='ocrx_word' id='word_1_81' title='bbox 973 1891 1146 1979; x_wconf 85' lang='lat' dir='ltr'><strong>Philippus</strong></span> <span class='ocrx_word' id='word_1_82' title='bbox 1172 1896 1327 1978; x_wconf 82' lang='lat' dir='ltr'><strong>rogatum</strong></span> <span class='ocrx_word' id='word_1_83' title='bbox 1350 1891 1419 1956; x_wconf 83' lang='lat' dir='ltr'><strong>An-</strong></span> 
     </span>
    </p>

    <p class='ocr_par' dir='ltr' id='par_1_5' title="bbox 371 1992 1420 2493">
     <span class='ocr_line' id='line_1_12' title="bbox 371 1992 1418 2082; baseline -0.001 -22"><span class='ocrx_word' id='word_1_84' title='bbox 371 1996 501 2082; x_wconf 83' lang='lat' dir='ltr'><strong>glorurn</strong></span> <span class='ocrx_word' id='word_1_85' title='bbox 534 1994 768 2082; x_wconf 85' lang='lat' dir='ltr'><strong>perpendisset,</strong></span> <span class='ocrx_word' id='word_1_86' title='bbox 791 1995 924 2061; x_wconf 89' lang='lat' dir='ltr'><strong>firmato</strong></span> <span class='ocrx_word' id='word_1_87' title='bbox 956 1999 1052 2081; x_wconf 84' lang='lat' dir='ltr'><strong>pacto</strong></span> <span class='ocrx_word' id='word_1_88' title='bbox 1075 1992 1149 2060; x_wconf 86' lang='lat' dir='ltr'><strong>eum</strong></span> <span class='ocrx_word' id='word_1_89' title='bbox 1178 1994 1309 2059; x_wconf 89' lang='lat' dir='ltr'><strong>nuntiis</strong></span> <span class='ocrx_word' id='word_1_90' title='bbox 1331 1995 1418 2080; x_wconf 88' lang='lat' dir='ltr'><strong>quod</strong></span> 
     </span>
     <span class='ocr_line' id='line_1_13' title="bbox 374 2096 1420 2183; baseline 0 -22"><span class='ocrx_word' id='word_1_91' title='bbox 374 2098 567 2163; x_wconf 87' lang='lat' dir='ltr'><strong>Lodowicus</strong></span> <span class='ocrx_word' id='word_1_92' title='bbox 588 2097 677 2162; x_wconf 87' lang='lat' dir='ltr'><strong>filius</strong></span> <span class='ocrx_word' id='word_1_93' title='bbox 699 2120 777 2162; x_wconf 85' lang='lat' dir='ltr'><strong>suus</strong></span> <span class='ocrx_word' id='word_1_94' title='bbox 807 2119 881 2162; x_wconf 87' lang='lat' dir='ltr'><strong>curn</strong></span> <span class='ocrx_word' id='word_1_95' title='bbox 904 2097 952 2162; x_wconf 87' lang='lat' dir='ltr'><strong>eis</strong></span> <span class='ocrx_word' id='word_1_96' title='bbox 974 2096 1011 2161; x_wconf 92' lang='lat' dir='ltr'><strong>in</strong></span> <span class='ocrx_word' id='word_1_97' title='bbox 1033 2097 1192 2183; x_wconf 83' lang='lat' dir='ltr'><strong>Angliam</strong></span> <span class='ocrx_word' id='word_1_98' title='bbox 1213 2098 1420 2164; x_wconf 82' lang='lat' dir='ltr'><strong>coronandus</strong></span> 
     </span>
     <span class='ocr_line' id='line_1_14' title="bbox 372 2198 1418 2287; baseline -0.002 -22"><span class='ocrx_word' id='word_1_99' title='bbox 372 2201 554 2278; x_wconf 86' lang='lat' dir='ltr'><strong>adveniret,</strong></span> <span class='ocrx_word' id='word_1_100' title='bbox 578 2200 734 2266; x_wconf 89' lang='lat' dir='ltr'><strong>contiuuo</strong></span> <span class='ocrx_word' id='word_1_101' title='bbox 756 2200 868 2264; x_wconf 90' lang='lat' dir='ltr'><strong>nuntii</strong></span> <span class='ocrx_word' id='word_1_102' title='bbox 898 2200 931 2264; x_wconf 92' lang='lat' dir='ltr'><strong>in</strong></span> <span class='ocrx_word' id='word_1_103' title='bbox 963 2199 1141 2287; x_wconf 75' lang='lat' dir='ltr'><strong>praesentia</strong></span> <span class='ocrx_word' id='word_1_104' title='bbox 1163 2199 1250 2287; x_wconf 83' lang='lat' dir='ltr'><strong>regis</strong></span> <span class='ocrx_word' id='word_1_105' title='bbox 1272 2198 1418 2286; x_wconf 90' lang='lat' dir='ltr'><strong>Philippi</strong></span> 
     </span>
     <span class='ocr_line' id='line_1_15' title="bbox 373 2302 1417 2390; baseline -0.001 -23"><span class='ocrx_word' id='word_1_106' title='bbox 373 2303 549 2370; x_wconf 86' lang='lat' dir='ltr'><strong>Lodowieo</strong></span> <span class='ocrx_word' id='word_1_107' title='bbox 586 2303 655 2368; x_wconf 92' lang='lat' dir='ltr'><strong>filio</strong></span> <span class='ocrx_word' id='word_1_108' title='bbox 686 2325 744 2368; x_wconf 94' lang='lat' dir='ltr'><strong>suo</strong></span> <span class='ocrx_word' id='word_1_109' title='bbox 776 2326 835 2369; x_wconf 91' lang='lat' dir='ltr'><strong>sua</strong></span> <span class='ocrx_word' id='word_1_110' title='bbox 868 2302 1020 2390; x_wconf 83' lang='lat' dir='ltr'><strong>homagia</strong></span> <span class='ocrx_word' id='word_1_111' title='bbox 1052 2302 1258 2390; x_wconf 89' lang='lat' dir='ltr'><strong>perfecerunt</strong></span> <span class='ocrx_word' id='word_1_112' title='bbox 1295 2308 1331 2368; x_wconf 92' lang='lat' dir='ltr'><strong>et</strong></span> <span class='ocrx_word' id='word_1_113' title='bbox 1366 2302 1417 2367; x_wconf 87' lang='lat' dir='ltr'><strong>sui</strong></span> 
     </span>
     <span class='ocr_line' id='line_1_16' title="bbox 371 2405 1418 2493; baseline 0.001 -24"><span class='ocrx_word' id='word_1_114' title='bbox 371 2407 519 2471; x_wconf 88' lang='lat' dir='ltr'><strong>homines</strong></span> <span class='ocrx_word' id='word_1_115' title='bbox 541 2406 619 2493; x_wconf 82' lang='lat' dir='ltr'><strong>legii</strong></span> <span class='ocrx_word' id='word_1_116' title='bbox 642 2414 722 2472; x_wconf 91' lang='lat' dir='ltr'><strong>tunc</strong></span> <span class='ocrx_word' id='word_1_117' title='bbox 745 2405 900 2492; x_wconf 88' lang='lat' dir='ltr'><strong>temporis</strong></span> <span class='ocrx_word' id='word_1_118' title='bbox 923 2405 1134 2471; x_wconf 87' lang='lat' dir='ltr'><strong>devenerunt</strong></span> <span class='ocrx_word' id='word_1_119' title='bbox 1173 2405 1320 2471; x_wconf 78' lang='lat' dir='ltr'><strong>Berones</strong></span> <span class='ocrx_word' id='word_1_120' title='bbox 1342 2427 1418 2470; x_wconf 89' lang='lat' dir='ltr'><strong>vero</strong></span> 
     </span>
    </p>

    <p class='ocr_par' dir='ltr' id='par_1_6' title="bbox 369 2507 1419 2696">
     <span class='ocr_line' id='line_1_17' title="bbox 370 2507 1417 2593; baseline 0 -21"><span class='ocrx_word' id='word_1_121' title='bbox 370 2508 488 2593; x_wconf 89' lang='lat' dir='ltr'><strong>reliqui</strong></span> <span class='ocrx_word' id='word_1_122' title='bbox 519 2509 700 2573; x_wconf 88' lang='lat' dir='ltr'><strong>adventum</strong></span> <span class='ocrx_word' id='word_1_123' title='bbox 734 2508 900 2574; x_wconf 83' lang='lat' dir='ltr'><strong>Iodcwici</strong></span> <span class='ocrx_word' id='word_1_124' title='bbox 937 2513 973 2574; x_wconf 90' lang='lat' dir='ltr'><strong>et</strong></span> <span class='ocrx_word' id='word_1_125' title='bbox 1005 2508 1203 2574; x_wconf 91' lang='lat' dir='ltr'><strong>nuntiorum</strong></span> <span class='ocrx_word' id='word_1_126' title='bbox 1236 2507 1417 2574; x_wconf 85' lang='lat' dir='ltr'><strong>Londcniis</strong></span> 
     </span>
     <span class='ocr_line' id='line_1_18' title="bbox 369 2610 1419 2696; baseline 0.001 -21"><span class='ocrx_word' id='word_1_127' title='bbox 369 2610 597 2696; x_wconf 85' lang='lat' dir='ltr'><strong>expectabant.</strong></span> <span class='ocrx_word' id='word_1_128' title='bbox 643 2611 709 2676; x_wconf 87' lang='lat' dir='ltr'><strong>Sed</strong></span> <span class='ocrx_word' id='word_1_129' title='bbox 731 2610 755 2675; x_wconf 88' lang='lat' dir='ltr'><strong>J</strong></span> <span class='ocrx_word' id='word_1_130' title='bbox 757 2611 903 2676; x_wconf 89' lang='lat' dir='ltr'><strong>ohannes</strong></span> <span class='ocrx_word' id='word_1_131' title='bbox 925 2633 983 2677; x_wconf 85' lang='lat' dir='ltr'><strong>rex</strong></span> <span class='ocrx_word' id='word_1_132' title='bbox 1014 2611 1150 2677; x_wconf 89' lang='lat' dir='ltr'><strong>interim</strong></span> <span class='ocrx_word' id='word_1_133' title='bbox 1173 2611 1272 2677; x_wconf 87' lang='lat' dir='ltr'><strong>villas</strong></span> <span class='ocrx_word' id='word_1_134' title='bbox 1294 2616 1329 2676; x_wconf 90' lang='lat' dir='ltr'><strong>et</strong></span> <span class='ocrx_word' id='word_1_135' title='bbox 1351 2633 1419 2676; x_wconf 87' lang='lat' dir='ltr'><strong>cas·</strong></span> 
     </span>
    </p>

    <p class='ocr_par' dir='ltr' id='par_1_7' title="bbox 202 2711 1418 3211">
     <span class='ocr_line' id='line_1_19' title="bbox 369 2711 1416 2799; baseline -0.001 -20"><span class='ocrx_word' id='word_1_136' title='bbox 369 2713 448 2779; x_wconf 87' lang='lat' dir='ltr'><strong>tella</strong></span> <span class='ocrx_word' id='word_1_137' title='bbox 485 2735 559 2799; x_wconf 84' lang='lat' dir='ltr'><strong>quae</strong></span> <span class='ocrx_word' id='word_1_138' title='bbox 598 2711 661 2777; x_wconf 88' lang='lat' dir='ltr'><strong>sibi</strong></span> <span class='ocrx_word' id='word_1_139' title='bbox 702 2713 919 2779; x_wconf 73' lang='lat' dir='ltr'><strong>adhaerebant</strong></span> <span class='ocrx_word' id='word_1_140' title='bbox 955 2714 1181 2780; x_wconf 86' lang='lat' dir='ltr'><strong>conservanda</strong></span> <span class='ocrx_word' id='word_1_141' title='bbox 1225 2713 1416 2780; x_wconf 85' lang='lat' dir='ltr'><strong>custodibus</strong></span> 
     </span>
     <span class='ocr_line' id='line_1_20' title="bbox 204 2814 1416 2908; baseline 0 -28"><span class='ocrx_word' id='word_1_142' title='bbox 204 2830 350 2908; x_wconf 72' lang='lat' dir='ltr'><strong>Arrivalos</strong></span> <span class='ocrx_word' id='word_1_143' title='bbox 370 2815 563 2903; x_wconf 78' lang='lat' dir='ltr'><strong>alienigenis</strong></span> <span class='ocrx_word' id='word_1_144' title='bbox 594 2814 817 2880; x_wconf 87' lang='lat' dir='ltr'><strong>contradebat.</strong></span> <span class='ocrx_word' id='word_1_145' title='bbox 864 2815 1056 2882; x_wconf 86' lang='lat' dir='ltr'><strong>Lodowicus</strong></span> <span class='ocrx_word' id='word_1_146' title='bbox 1088 2837 1167 2880; x_wconf 90' lang='lat' dir='ltr'><strong>vero</strong></span> <span class='ocrx_word' id='word_1_147' title='bbox 1189 2816 1275 2882; x_wconf 90' lang='lat' dir='ltr'><strong>circa</strong></span> <span class='ocrx_word' id='word_1_148' title='bbox 1297 2816 1416 2882; x_wconf 86' lang='lat' dir='ltr'><strong>Ascen-</strong></span> 
     </span>
     <span class='ocr_line' id='line_1_21' title="bbox 202 2913 1418 3016; baseline -0.001 -31"><span class='ocrx_word' id='word_1_149' title='bbox 202 2913 289 3016; x_wconf 58' lang='lat' dir='ltr'><strong>fflff</strong></span> <span class='ocrx_word' id='word_1_150' title='bbox 371 2920 496 2985; x_wconf 91' lang='lat' dir='ltr'><strong>sionem</strong></span> <span class='ocrx_word' id='word_1_151' title='bbox 523 2917 659 2984; x_wconf 88' lang='lat' dir='ltr'><strong>Domini</strong></span> <span class='ocrx_word' id='word_1_152' title='bbox 691 2939 765 2982; x_wconf 92' lang='lat' dir='ltr'><strong>cum</strong></span> <span class='ocrx_word' id='word_1_153' title='bbox 797 2918 945 2984; x_wconf 86' lang='lat' dir='ltr'><strong>exercitu</strong></span> <span class='ocrx_word' id='word_1_154' title='bbox 977 2918 1255 3005; x_wconf 85' lang='lat' dir='ltr'><strong>Francigcnsrum</strong></span> <span class='ocrx_word' id='word_1_155' title='bbox 1289 2918 1418 3006; x_wconf 87' lang='lat' dir='ltr'><strong>copioso</strong></span> 
     </span>
     <span class='ocr_line' id='line_1_22' title="bbox 281 3005 1418 3109; baseline -0.004 -21"><span class='ocrx_word' id='word_1_156' title='bbox 281 3005 287 3018; x_wconf 45' lang='lat'><strong>¹</strong></span> <span class='ocrx_word' id='word_1_157' title='bbox 371 3024 407 3088; x_wconf 89' lang='lat' dir='ltr'><strong>in</strong></span> <span class='ocrx_word' id='word_1_158' title='bbox 441 3021 598 3108; x_wconf 81' lang='lat' dir='ltr'><strong>Anglianr</strong></span> <span class='ocrx_word' id='word_1_159' title='bbox 632 3020 829 3108; x_wconf 83' lang='lat' dir='ltr'><strong>applicabat,</strong></span> <span class='ocrx_word' id='word_1_160' title='bbox 852 3026 888 3085; x_wconf 92' lang='lat' dir='ltr'><strong>et</strong></span> <span class='ocrx_word' id='word_1_161' title='bbox 921 3021 1090 3087; x_wconf 74' lang='lat' dir='ltr'><strong>cutellum</strong></span> <span class='ocrx_word' id='word_1_162' title='bbox 1115 3021 1329 3088; x_wconf 79' lang='lat' dir='ltr'><strong>Roweestriae</strong></span> <span class='ocrx_word' id='word_1_163' title='bbox 1360 3044 1418 3109; x_wconf 88' lang='lat' dir='ltr'><strong>per</strong></span> 
     </span>
     <span class='ocr_line' id='line_1_23' title="bbox 371 3122 1418 3211; baseline -0.002 -21"><span class='ocrx_word' id='word_1_164' title='bbox 371 3127 440 3191; x_wconf 89' lang='lat' dir='ltr'><strong>dies</strong></span> <span class='ocrx_word' id='word_1_165' title='bbox 474 3125 601 3211; x_wconf 82' lang='lat' dir='ltr'><strong>aliquot</strong></span> <span class='ocrx_word' id='word_1_166' title='bbox 624 3125 790 3188; x_wconf 88' lang='lat' dir='ltr'><strong>obsessum</strong></span> <span class='ocrx_word' id='word_1_167' title='bbox 825 3122 878 3188; x_wconf 90' lang='lat' dir='ltr'><strong>die</strong></span> <span class='ocrx_word' id='word_1_168' title='bbox 901 3124 1004 3190; x_wconf 73' lang='lat' dir='ltr'><strong>Lunae</strong></span> <span class='ocrx_word' id='word_1_169' title='bbox 1036 3125 1072 3188; x_wconf 94' lang='lat' dir='ltr'><strong>in</strong></span> <span class='ocrx_word' id='word_1_170' title='bbox 1098 3125 1290 3189; x_wconf 84' lang='lat' dir='ltr'><strong>Pentecoste</strong></span> <span class='ocrx_word' id='word_1_171' title='bbox 1318 3146 1418 3188; x_wconf 88' lang='lat' dir='ltr'><strong>manu</strong></span> 
     </span>
    </p>

    <p class='ocr_par' dir='ltr' id='par_1_8' title="bbox 371 3226 1419 3419">
     <span class='ocr_line' id='line_1_24' title="bbox 371 3226 1419 3316; baseline -0.003 -22"><span class='ocrx_word' id='word_1_172' title='bbox 371 3230 482 3294; x_wconf 85' lang='lat' dir='ltr'><strong>valida</strong></span> <span class='ocrx_word' id='word_1_173' title='bbox 503 3228 717 3316; x_wconf 79' lang='lat' dir='ltr'><strong>expugnavit.</strong></span> <span class='ocrx_word' id='word_1_174' title='bbox 763 3226 825 3290; x_wconf 88' lang='lat' dir='ltr'><strong>Die</strong></span> <span class='ocrx_word' id='word_1_175' title='bbox 841 3226 937 3292; x_wconf 84' lang='lat' dir='ltr'><strong>Jovis</strong></span> <span class='ocrx_word' id='word_1_176' title='bbox 960 3227 1035 3292; x_wconf 89' lang='lat' dir='ltr'><strong>inde</strong></span> <span class='ocrx_word' id='word_1_177' title='bbox 1058 3234 1215 3313; x_wconf 86' lang='lat' dir='ltr'><strong>sequente</strong></span> <span class='ocrx_word' id='word_1_178' title='bbox 1231 3227 1419 3292; x_wconf 86' lang='lat' dir='ltr'><strong>Loudouiss</strong></span> 
     </span>
     <span class='ocr_line' id='line_1_25' title="bbox 371 3328 1417 3419; baseline -0.002 -24"><span class='ocrx_word' id='word_1_179' title='bbox 371 3333 569 3419; x_wconf 87' lang='lat' dir='ltr'><strong>properavit.</strong></span> <span class='ocrx_word' id='word_1_180' title='bbox 617 3330 687 3397; x_wconf 87' lang='lat' dir='ltr'><strong>Ubi</strong></span> <span class='ocrx_word' id='word_1_181' title='bbox 717 3328 864 3408; x_wconf 89' lang='lat' dir='ltr'><strong>barones,</strong></span> <span class='ocrx_word' id='word_1_182' title='bbox 889 3328 958 3413; x_wconf 89' lang='lat' dir='ltr'><strong>ejus</strong></span> <span class='ocrx_word' id='word_1_183' title='bbox 980 3331 1161 3395; x_wconf 87' lang='lat' dir='ltr'><strong>adventum</strong></span> <span class='ocrx_word' id='word_1_184' title='bbox 1195 3335 1417 3415; x_wconf 66' lang='lat' dir='ltr'><strong>expectantes</strong></span> 
     </span>
    </p>

    <p class='ocr_par' dir='ltr' id='par_1_9' title="bbox 371 3432 1417 3519">
     <span class='ocr_line' id='line_1_26' title="bbox 371 3432 1417 3519; baseline -0.004 -19"><span class='ocrx_word' id='word_1_185' title='bbox 371 3458 444 3500; x_wconf 87' lang='lat' dir='ltr'><strong>curn</strong></span> <span class='ocrx_word' id='word_1_186' title='bbox 469 3457 543 3498; x_wconf 90' lang='lat' dir='ltr'><strong>eum</strong></span> <span class='ocrx_word' id='word_1_187' title='bbox 566 3433 736 3498; x_wconf 86' lang='lat' dir='ltr'><strong>alacritate</strong></span> <span class='ocrx_word' id='word_1_188' title='bbox 759 3438 793 3497; x_wconf 88' lang='lat' dir='ltr'><strong>et</strong></span> <span class='ocrx_word' id='word_1_189' title='bbox 815 3432 935 3497; x_wconf 73' lang='lat' dir='ltr'><strong>laetitia</strong></span> <span class='ocrx_word' id='word_1_190' title='bbox 956 3438 1174 3519; x_wconf 82' lang='lat' dir='ltr'><strong>acceptantes,</strong></span> <span class='ocrx_word' id='word_1_191' title='bbox 1194 3438 1228 3497; x_wconf 89' lang='lat' dir='ltr'><strong>et</strong></span> <span class='ocrx_word' id='word_1_192' title='bbox 1252 3433 1417 3497; x_wconf 88' lang='lat' dir='ltr'><strong>Londoni-</strong></span> 
     </span>
    </p>

    <p class='ocr_par' dir='ltr' id='par_1_10' title="bbox 370 3534 1418 3621">
     <span class='ocr_line' id='line_1_27' title="bbox 370 3534 1418 3621; baseline -0.002 -19"><span class='ocrx_word' id='word_1_193' title='bbox 370 3560 471 3613; x_wconf 75' lang='lat' dir='ltr'><strong>euscS,</strong></span> <span class='ocrx_word' id='word_1_194' title='bbox 489 3537 535 3599; x_wconf 86' lang='lat' dir='ltr'><strong>eis</strong></span> <span class='ocrx_word' id='word_1_195' title='bbox 557 3558 617 3600; x_wconf 88' lang='lat' dir='ltr'><strong>sua</strong></span> <span class='ocrx_word' id='word_1_196' title='bbox 633 3535 785 3621; x_wconf 83' lang='lat' dir='ltr'><strong>homagia</strong></span> <span class='ocrx_word' id='word_1_197' title='bbox 800 3534 1039 3621; x_wconf 88' lang='lat' dir='ltr'><strong>persolvebant.</strong></span> <span class='ocrx_word' id='word_1_198' title='bbox 1078 3535 1143 3600; x_wconf 88' lang='lat' dir='ltr'><strong>Sed</strong></span> <span class='ocrx_word' id='word_1_199' title='bbox 1167 3541 1201 3600; x_wconf 89' lang='lat' dir='ltr'><strong>et</strong></span> <span class='ocrx_word' id='word_1_200' title='bbox 1224 3558 1282 3599; x_wconf 82' lang='lat' dir='ltr'><strong>rex</strong></span> <span class='ocrx_word' id='word_1_201' title='bbox 1298 3536 1418 3600; x_wconf 85' lang='lat' dir='ltr'><strong>Scotiae</strong></span> 
     </span>
    </p>

    <p class='ocr_par' dir='ltr' id='par_1_11' title="bbox 202 3637 1419 4341">
     <span class='ocr_line' id='line_1_28' title="bbox 202 3637 1416 3723; baseline 0.003 -26"><span class='ocrx_word' id='word_1_202' title='bbox 202 3650 341 3700; x_wconf 63' lang='lat' dir='ltr'><strong>Fortassea-</strong></span> <span class='ocrx_word' id='word_1_203' title='bbox 370 3640 399 3702; x_wconf 91' lang='lat' dir='ltr'><strong>ei</strong></span> <span class='ocrx_word' id='word_1_204' title='bbox 427 3637 622 3701; x_wconf 83' lang='lat' dir='ltr'><strong>fidelitatem</strong></span> <span class='ocrx_word' id='word_1_205' title='bbox 655 3637 841 3702; x_wconf 78' lang='lat' dir='ltr'><strong>exhibebat.</strong></span> <span class='ocrx_word' id='word_1_206' title='bbox 886 3637 1012 3714; x_wconf 85' lang='lat' dir='ltr'><strong>Postea,</strong></span> <span class='ocrx_word' id='word_1_207' title='bbox 1036 3637 1118 3701; x_wconf 88' lang='lat' dir='ltr'><strong>feria</strong></span> <span class='ocrx_word' id='word_1_208' title='bbox 1148 3640 1168 3700; x_wconf 71' lang='lat' dir='ltr'><strong>d</strong></span> <span class='ocrx_word' id='word_1_209' title='bbox 1191 3644 1266 3723; x_wconf 85' lang='lat' dir='ltr'><strong>post</strong></span> <span class='ocrx_word' id='word_1_210' title='bbox 1296 3637 1416 3702; x_wconf 77' lang='lat' dir='ltr'><strong>festum</strong></span> 
     </span>
     <span class='ocr_line' id='line_1_29' title="bbox 202 3717 1417 3835; baseline -0.001 -31"><span class='ocrx_word' id='word_1_211' title='bbox 202 3717 323 3835; x_wconf 53' lang='lat' dir='ltr'>ffinby</span> <span class='ocrx_word' id='word_1_212' title='bbox 370 3739 553 3816; x_wconf 79' lang='lat' dir='ltr'><strong>Trinitatis,</strong></span> <span class='ocrx_word' id='word_1_213' title='bbox 578 3740 666 3825; x_wconf 88' lang='lat' dir='ltr'><strong>cepit</strong></span> <span class='ocrx_word' id='word_1_214' title='bbox 688 3740 858 3805; x_wconf 86' lang='lat' dir='ltr'><strong>castellum</strong></span> <span class='ocrx_word' id='word_1_215' title='bbox 881 3740 922 3804; x_wconf 89' lang='lat' dir='ltr'><strong>de</strong></span> <span class='ocrx_word' id='word_1_216' title='bbox 946 3740 1105 3827; x_wconf 74' lang='lat' dir='ltr'><strong>Rcygate,</strong></span> <span class='ocrx_word' id='word_1_217' title='bbox 1128 3746 1162 3805; x_wconf 91' lang='lat' dir='ltr'><strong>et</strong></span> <span class='ocrx_word' id='word_1_218' title='bbox 1185 3740 1237 3805; x_wconf 88' lang='lat' dir='ltr'><strong>die</strong></span> <span class='ocrx_word' id='word_1_219' title='bbox 1268 3741 1417 3826; x_wconf 87' lang='lat' dir='ltr'><strong>sequenti</strong></span> 
     </span>
     <span class='ocr_line' id='line_1_30' title="bbox 370 3841 1419 3929; baseline -0.003 -20"><span class='ocrx_word' id='word_1_220' title='bbox 370 3843 540 3909; x_wconf 75' lang='lat' dir='ltr'><strong>catellum</strong></span> <span class='ocrx_word' id='word_1_221' title='bbox 564 3843 605 3906; x_wconf 89' lang='lat' dir='ltr'><strong>de</strong></span> <span class='ocrx_word' id='word_1_222' title='bbox 629 3842 837 3920; x_wconf 86' lang='lat' dir='ltr'><strong>Guldeforda,</strong></span> <span class='ocrx_word' id='word_1_223' title='bbox 862 3847 896 3907; x_wconf 94' lang='lat' dir='ltr'><strong>et</strong></span> <span class='ocrx_word' id='word_1_224' title='bbox 919 3842 965 3907; x_wconf 89' lang='lat' dir='ltr'><strong>sic</strong></span> <span class='ocrx_word' id='word_1_225' title='bbox 988 3841 1096 3907; x_wconf 89' lang='lat' dir='ltr'><strong>indies</strong></span> <span class='ocrx_word' id='word_1_226' title='bbox 1118 3842 1253 3908; x_wconf 86' lang='lat' dir='ltr'><strong>castella</strong></span> <span class='ocrx_word' id='word_1_227' title='bbox 1275 3843 1419 3929; x_wconf 88' lang='lat' dir='ltr'><strong>plurima</strong></span> 
     </span>
     <span class='ocr_line' id='line_1_31' title="bbox 370 3944 1419 4032; baseline 0.002 -22"><span class='ocrx_word' id='word_1_228' title='bbox 370 3946 552 4032; x_wconf 88' lang='lat' dir='ltr'><strong>intercepit.</strong></span> <span class='ocrx_word' id='word_1_229' title='bbox 610 3944 737 4009; x_wconf 87' lang='lat' dir='ltr'><strong>Deinde</strong></span> <span class='ocrx_word' id='word_1_230' title='bbox 776 3945 983 4010; x_wconf 88' lang='lat' dir='ltr'><strong>Wintoniarn</strong></span> <span class='ocrx_word' id='word_1_231' title='bbox 1028 3946 1122 4032; x_wconf 89' lang='lat' dir='ltr'><strong>oepit,</strong></span> <span class='ocrx_word' id='word_1_232' title='bbox 1160 3946 1339 4011; x_wconf 83' lang='lat' dir='ltr'><strong>Devoriarn</strong></span> <span class='ocrx_word' id='word_1_233' title='bbox 1383 3950 1419 4012; x_wconf 90' lang='lat' dir='ltr'><strong>et</strong></span> 
     </span>
     <span class='ocr_line' id='line_1_32' title="bbox 370 4048 1419 4136; baseline 0.001 -23"><span class='ocrx_word' id='word_1_234' title='bbox 370 4049 610 4113; x_wconf 85' lang='lat' dir='ltr'><strong>Wimlesoriarn</strong></span> <span class='ocrx_word' id='word_1_235' title='bbox 644 4048 782 4126; x_wconf 87' lang='lat' dir='ltr'><strong>obsedit,</strong></span> <span class='ocrx_word' id='word_1_236' title='bbox 807 4054 841 4113; x_wconf 89' lang='lat' dir='ltr'><strong>et</strong></span> <span class='ocrx_word' id='word_1_237' title='bbox 872 4048 1072 4135; x_wconf 81' lang='lat' dir='ltr'><strong>alienigenas</strong></span> <span class='ocrx_word' id='word_1_238' title='bbox 1107 4070 1319 4136; x_wconf 87' lang='lat' dir='ltr'><strong>quoscunque</strong></span> <span class='ocrx_word' id='word_1_239' title='bbox 1350 4050 1419 4114; x_wconf 88' lang='lat' dir='ltr'><strong>sau-</strong></span> 
     </span>
     <span class='ocr_line' id='line_1_33' title="bbox 203 4151 1418 4239; baseline 0.007 -31"><span class='ocrx_word' id='word_1_240' title='bbox 203 4155 355 4238; x_wconf 61' lang='lat' dir='ltr'><strong>sxeqmmu-</strong></span> <span class='ocrx_word' id='word_1_241' title='bbox 369 4161 457 4216; x_wconf 86' lang='lat' dir='ltr'><strong>toros</strong></span> <span class='ocrx_word' id='word_1_242' title='bbox 491 4152 577 4237; x_wconf 80' lang='lat' dir='ltr'><strong>regis</strong></span> <span class='ocrx_word' id='word_1_243' title='bbox 600 4151 764 4215; x_wconf 88' lang='lat' dir='ltr'><strong>Jobanuis</strong></span> <span class='ocrx_word' id='word_1_244' title='bbox 798 4151 1018 4237; x_wconf 88' lang='lat' dir='ltr'><strong>apprehensos</strong></span> <span class='ocrx_word' id='word_1_245' title='bbox 1049 4152 1230 4217; x_wconf 82' lang='lat' dir='ltr'><strong>suffocavit.</strong></span> <span class='ocrx_word' id='word_1_246' title='bbox 1278 4152 1418 4239; x_wconf 89' lang='lat' dir='ltr'><strong>Ipsoque</strong></span> 
     </span>
     <span class='ocr_line' id='line_1_34' title="bbox 203 4229 1417 4341; baseline -0.001 -21"><span class='ocrx_word' id='word_1_247' title='bbox 203 4229 355 4276; x_wconf 50' lang='grc' dir='ltr'><strong>ΜΝ</strong></span> <span class='ocrx_word' id='word_1_248' title='bbox 370 4261 525 4340; x_wconf 86' lang='lat' dir='ltr'><strong>ternpore,</strong></span> <span class='ocrx_word' id='word_1_249' title='bbox 550 4252 702 4317; x_wconf 88' lang='lat' dir='ltr'><strong>dominus</strong></span> <span class='ocrx_word' id='word_1_250' title='bbox 725 4276 811 4339; x_wconf 88' lang='lat' dir='ltr'><strong>papa</strong></span> <span class='ocrx_word' id='word_1_251' title='bbox 835 4253 1017 4318; x_wconf 85' lang='lat' dir='ltr'><strong>Gualonenr</strong></span> <span class='ocrx_word' id='word_1_252' title='bbox 1040 4253 1184 4340; x_wconf 80' lang='lat' dir='ltr'><strong>legatum</strong></span> <span class='ocrx_word' id='word_1_253' title='bbox 1208 4254 1244 4318; x_wconf 90' lang='lat' dir='ltr'><strong>in</strong></span> <span class='ocrx_word' id='word_1_254' title='bbox 1259 4255 1417 4341; x_wconf 81' lang='lat' dir='ltr'><strong>Angliarn</strong></span> 
     </span>
    </p>
   </div>
   <div class='ocr_carea' id='block_1_3' title="bbox 204 4294 323 4358">
    <p class='ocr_par' dir='ltr' id='par_1_12' title="bbox 204 4294 323 4358">
     <span class='ocr_line' id='line_1_35' title="bbox 204 4294 323 4358; baseline 0.025 -18"><span class='ocrx_word' id='word_1_255' title='bbox 204 4294 279 4343; x_wconf 77' lang='lat' dir='ltr'><strong>louis</strong></span> <span class='ocrx_word' id='word_1_256' title='bbox 290 4296 323 4358; x_wconf 84' lang='lat' dir='ltr'><strong>by</strong></span> 
     </span>
    </p>
   </div>
   <div class='ocr_carea' id='block_1_4' title="bbox 187 4354 1418 4648">
    <p class='ocr_par' dir='ltr' id='par_1_13' title="bbox 187 4354 1418 4648">
     <span class='ocr_line' id='line_1_36' title="bbox 204 4354 1418 4447; baseline -0.002 -24"><span class='ocrx_word' id='word_1_257' title='bbox 204 4362 295 4447; x_wconf 63' lang='lat' dir='ltr'><strong>Geato,</strong></span> <span class='ocrx_word' id='word_1_258' title='bbox 308 4361 349 4410; x_wconf 66' lang='lat'><strong>²¹¹⁰</strong></span> <span class='ocrx_word' id='word_1_259' title='bbox 371 4355 561 4431; x_wconf 84' lang='lat' dir='ltr'><strong>destinavit,</strong></span> <span class='ocrx_word' id='word_1_260' title='bbox 587 4354 626 4418; x_wconf 88' lang='lat' dir='ltr'><strong>ad</strong></span> <span class='ocrx_word' id='word_1_261' title='bbox 664 4360 791 4439; x_wconf 87' lang='lat' dir='ltr'><strong>partem</strong></span> <span class='ocrx_word' id='word_1_262' title='bbox 826 4355 913 4441; x_wconf 87' lang='lat' dir='ltr'><strong>regis</strong></span> <span class='ocrx_word' id='word_1_263' title='bbox 939 4363 1054 4421; x_wconf 87' lang='lat' dir='ltr'><strong>contra</strong></span> <span class='ocrx_word' id='word_1_264' title='bbox 1076 4356 1215 4422; x_wconf 85' lang='lat' dir='ltr'><strong>barones</strong></span> <span class='ocrx_word' id='word_1_265' title='bbox 1239 4358 1418 4437; x_wconf 80' lang='lat' dir='ltr'><strong>tuendam3</strong></span> 
     </span>
     <span class='ocr_line' id='line_1_37' title="bbox 187 4443 1417 4559; baseline 0 -34"><span class='ocrx_word' id='word_1_266' title='bbox 187 4443 290 4559; x_wconf 43' lang='lat' dir='ltr'><strong>{⁰3¹}ss</strong></span> <span class='ocrx_word' id='word_1_267' title='bbox 370 4460 426 4546; x_wconf 92' lang='lat' dir='ltr'><strong>qui</strong></span> <span class='ocrx_word' id='word_1_268' title='bbox 451 4458 660 4523; x_wconf 87' lang='lat' dir='ltr'><strong>Lodowicurn</strong></span> <span class='ocrx_word' id='word_1_269' title='bbox 693 4479 766 4522; x_wconf 84' lang='lat' dir='ltr'><strong>curu</strong></span> <span class='ocrx_word' id='word_1_270' title='bbox 799 4458 866 4522; x_wconf 87' lang='lat' dir='ltr'><strong>suis</strong></span> <span class='ocrx_word' id='word_1_271' title='bbox 897 4458 1081 4524; x_wconf 86' lang='lat' dir='ltr'><strong>fautoribus</strong></span> <span class='ocrx_word' id='word_1_272' title='bbox 1113 4459 1417 4525; x_wconf 86' lang='lat' dir='ltr'><strong>excommunicavit</strong></span> 
     </span>
     <span class='ocr_line' id='line_1_38' title="bbox 371 4560 1418 4648; baseline 0 -22"><span class='ocrx_word' id='word_1_273' title='bbox 371 4561 564 4628; x_wconf 89' lang='lat' dir='ltr'><strong>Lodowicus</strong></span> <span class='ocrx_word' id='word_1_274' title='bbox 587 4566 699 4624; x_wconf 82' lang='lat' dir='ltr'><strong>tarucn</strong></span> <span class='ocrx_word' id='word_1_275' title='bbox 722 4565 757 4623; x_wconf 92' lang='lat' dir='ltr'><strong>ct</strong></span> <span class='ocrx_word' id='word_1_276' title='bbox 789 4560 926 4627; x_wconf 85' lang='lat' dir='ltr'><strong>barones</strong></span> <span class='ocrx_word' id='word_1_277' title='bbox 949 4562 985 4625; x_wconf 92' lang='lat' dir='ltr'><strong>in</strong></span> <span class='ocrx_word' id='word_1_278' title='bbox 1015 4568 1146 4627; x_wconf 87' lang='lat' dir='ltr'><strong>tanturn</strong></span> <span class='ocrx_word' id='word_1_279' title='bbox 1170 4564 1418 4648; x_wconf 71' lang='lat' dir='ltr'><strong>praevaluerunt</strong></span> 
     </span>
    </p>
   </div>
   <div class='ocr_carea' id='block_1_5' title="bbox 369 4663 1413 4754">
    <p class='ocr_par' dir='ltr' id='par_1_14' title="bbox 369 4663 1413 4754">
     <span class='ocr_line' id='line_1_39' title="bbox 369 4663 1413 4754; baseline 0 -24"><span class='ocrx_word' id='word_1_280' title='bbox 369 4665 538 4754; x_wconf 73' lang='lat' dir='ltr'><strong>quadres</strong></span> <span class='ocrx_word' id='word_1_281' title='bbox 571 4685 634 4749; x_wconf 91' lang='lat' dir='ltr'><strong>quo</strong></span> <span class='ocrx_word' id='word_1_282' title='bbox 657 4684 690 4726; x_wconf 88' lang='lat' dir='ltr'><strong>se</strong></span> <span class='ocrx_word' id='word_1_283' title='bbox 715 4669 860 4729; x_wconf 87' lang='lat' dir='ltr'><strong>verteret</strong></span> <span class='ocrx_word' id='word_1_284' title='bbox 882 4663 1061 4750; x_wconf 82' lang='lat' dir='ltr'><strong>ignorabat.</strong></span> <span class='ocrx_word' id='word_1_285' title='bbox 1107 4665 1276 4730; x_wconf 83' lang='lat' dir='ltr'><strong>Talionem</strong></span> <span class='ocrx_word' id='word_1_286' title='bbox 1300 4672 1413 4732; x_wconf 86' lang='lat' dir='ltr'><strong>tamen</strong></span> 
     </span>
    </p>
   </div>
   <div class='ocr_carea' id='block_1_6' title="bbox 0 0 1632 5692">
    <p class='ocr_par' dir='ltr' id='par_1_15' title="bbox 0 0 1632 5692">
     <span class='ocr_line' id='line_1_40' title="bbox 0 0 1632 5692; baseline 0 0"><span class='ocrx_word' id='word_1_287' title='bbox 0 0 1632 5692; x_wconf 95' lang='lat' dir='ltr'><strong> </strong></span> 
     </span>
    </p>
   </div>
  </div>
 </body>
</html>
