3256 5692
372 773 438 836 416
641 783 814 837 nrcmnus
837 784 945 836 Annis
968 774 1145 837 sannaus„

204 962 272 1013 Ab.
287 967 349 1014 1221
371 957 573 1043 Aldburgbe
590 961 708 1023 vocata
730 956 963 1045 Byrigburgh¹
982 957 1016 1022 N
1017 963 1157 1032 ewtona,
1179 981 1255 1045 quae
1270 960 1422 1026 dedimus

203 1034 295 1080 '¹²³⁵'
373 1059 538 1123 Willelmo
562 1059 602 1124 de
629 1059 836 1145 Scrutevylla
860 1067 895 1125 et
917 1059 1091 1125 heredibus
1112 1061 1188 1138 suis,
1210 1061 1283 1127 loco
1318 1065 1422 1127 annui

371 1160 522 1226 redditus
543 1161 765 1239 isolidorum,
786 1183 861 1226 cum
883 1161 949 1228 aiio
970 1183 1080 1228 annuo
1095 1163 1229 1228 redditu
1255 1168 1298 1228 12
1322 1165 1422 1230 dena·

371 1263 494 1327 riorum
516 1263 553 1327 in
575 1263 716 1343 Rowth;
750 1262 917 1329 reddendo
939 1264 1035 1331 nobis
1056 1287 1160 1329 unum
1183 1264 1359 1331 denarium
1379 1267 1422 1330 ad

205 1368 324 1433 Grymes·
374 1364 588 1431 Pentecosten
622 1366 817 1432 annuatim.²
875 1365 969 1431 Idem
994 1373 1106 1432 autem
1134 1367 1295 1433 Ricardus
1319 1369 1422 1434 abbas

202 1442 270 1487 ¹⁰⁰⁸*
371 1468 531 1533 concessa
552 1469 595 1533 aa
616 1467 704 1534 feodi
724 1469 853 1533 amam
875 1468 1005 1534 oudam
1020 1469 1200 1536 aniano
1214 1470 1360 1536 salsam
1379 1472 1421 1536 de

372 1568 593 1656 Grymestona
624 1569 748 1637 unam³
779 1573 934 1637 bovatam
958 1571 1077 1637 terrae⁴
1103 1572 1140 1638 in
1174 1571 1420 1658 Grymestona,⁵

204 1686 342 1753 Omvyle
371 1672 538 1738 reddendo
564 1673 662 1739 nobis
694 1676 713 1739 9
739 1673 859 1739 solidos
889 1673 1087 1739 annuatim⁶
1130 1671 1257 1761 ⁷Hug0
1285 1698 1420 1762 quoque

204 1790 275 1842 Mass
285 1793 358 1846 vine.
371 1773 412 1840 de
435 1775 559 1860 Rysom
585 1776 678 1841 dedit
700 1776 803 1854 nobis,
826 1775 869 1840 ad
891 1777 1008 1840 vinum
1029 1776 1203 1842 missarum
1226 1777 1262 1840 in
1285 1778 1421 1843 ecclesia

371 1882 484 1942 nostra
505 1878 780 1956 celebrandarum,
803 1882 946 1964 quatuor
966 1879 1106 1943 bovatas
1128 1883 1226 1944 terrm
1248 1878 1285 1942 in
1311 1878 1417 1945 Owst

371 1980 460 2066 wyk.
530 1980 575 2044 Et
609 1979 726 2045 Petrus
759 1980 923 2065 siquidem
958 1979 1048 2065 Poyz
1079 1979 1172 2045 dedit
1205 1980 1302 2046 nobis
1338 1982 1420 2046 duas

370 2081 509 2147 bovatas
540 2087 635 2147 terrae
670 2082 811 2147 ibidem:
854 2081 1021 2146 reddendo
1063 2081 1239 2147 heredibus
1272 2084 1420 2148 Amandi

371 2184 538 2249 Pincernae
560 2206 661 2249 unam
684 2184 801 2249 libram
824 2183 937 2248 cimini
959 2185 1140 2250 annuatim.
1196 2185 1279 2265 Quae
1303 2187 1420 2271 itaque

369 2307 428 2349 sex
462 2283 614 2352 bovatae⁸
647 2286 812 2372 quondam
845 2284 981 2351 fuerunt
1012 2286 1161 2371 praedicti
1194 2287 1353 2367 Amandi,
1384 2295 1420 2352 et

369 2394 483 2473 postea
505 2388 546 2453 de
569 2410 607 2453 eo
644 2410 702 2474 per
733 2388 873 2452 liberum
904 2387 1100 2453 forinsecum
1128 2389 1301 2454 servitium
1326 2396 1419 2455 tene·

368 2489 499 2553 bantur.
555 2490 632 2575 Ipse
657 2512 734 2575 ergo
756 2489 860 2554 abbas
884 2489 1045 2555 Ricardus
1071 2490 1163 2556 dedit
1185 2491 1228 2555 ad
1251 2490 1340 2556 feodi
1363 2493 1419 2556 fir-

368 2611 456 2654 mam
491 2591 644 2675 Raynero
675 2590 744 2655 filio
771 2590 920 2675 praedicti
945 2590 1037 2656 Petri
1066 2591 1156 2677 Poyz
1182 2614 1283 2657 unam
1307 2616 1418 2658 acram

367 2697 465 2756 terrae
480 2691 517 2755 in
539 2690 738 2777 Bryndcroft
752 2691 894 2771 ibidem;
916 2691 1083 2757 reddendo
1107 2693 1201 2758 nobis
1224 2694 1417 2782 homagium

403 2960 408 2986 ¹
427 2955 597 3024 Byripbarpi]
615 2955 782 3022 Rengbnrgh,
792 2956 822 3006 P.
913 2962 928 3007 9
947 2956 1041 3007 solidos
1060 2973 1106 3021 pro
1125 2959 1213 3008 eadem
1233 2965 1262 3008 ut
1282 2960 1417 3024 praefertur

401 3039 567 3104 ²nnnautim]
584 3037 698 3103 wanting
708 3039 735 3087 in
748 3038 776 3088 P.
913 3034 1005 3085 habere
1033 3036 1188 3096 deberemus,
1211 3037 1277 3086 nihil
1305 3041 1337 3088 de
1365 3039 1416 3089 hiis

403 3119 514 3184 'anam]
534 3118 620 3182 ipsam,
632 3117 662 3167 P.
913 3115 1028 3164 omnibus
1047 3116 1206 3178 percipimus,
1227 3116 1277 3166 nisi
1298 3119 1416 3168 dedicta

403 3197 505 3247 ⁴Atier
517 3206 586 3246 terroe
598 3198 676 3245 insert
687 3211 771 3260 quam,
782 3195 812 3245 P.
913 3195 1015 3244 domino
1039 3196 1152 3247 Gemrdo
1177 3197 1257 3245 dictos
1281 3201 1294 3247 7
1320 3199 1416 3247 solidos

403 3277 506 3326 5Αῆιει·
520 3276 678 3340 Grymestona
696 3277 774 3325 insert
792 3276 868 3324 habe·
913 3273 1050 3323 annuatim.
1084 3273 1118 3323 Et
1140 3290 1197 3323 cum
1219 3274 1273 3338 ipse
1295 3277 1416 3325 dominus

370 3357 464 3414 bamus,
476 3357 506 3405 P.
914 3353 1042 3403 Gerardus
1057 3353 1141 3414 aliqua
1158 3352 1252 3402 ibidem
1263 3361 1415 3413 tenemento,

402 3435 504 3483 ‘Atter
525 3434 651 3482 annuatim
671 3433 758 3492 insert,
779 3432 830 3481 Sed
847 3431 868 3480 si
913 3439 941 3480 ut
960 3431 1058 3490 dicitur,
1079 3432 1132 3480 siue
1155 3432 1248 3495 scripto
1270 3443 1363 3494 umen,
1383 3439 1416 3484 de

369 3515 423 3578 ipsa
434 3515 525 3562 bovata
535 3521 607 3561 terrae
618 3512 651 3561 ad
666 3526 755 3559 manus
772 3519 869 3559 nostras
913 3511 986 3561 nobis
1005 3518 1107 3569 teneret,
1126 3526 1172 3574 pro
1191 3528 1221 3561 eo
1241 3515 1308 3576 quod
1327 3516 1414 3579 scripti

370 3594 484 3650 redierat,
496 3591 535 3639 vei
556 3590 584 3638 in
596 3598 683 3639 tenura
701 3589 808 3638 aliorum
825 3591 868 3637 ad·
912 3590 1064 3640 evidentiam
1090 3605 1141 3638 nou
1168 3591 1284 3652 habebat,
1306 3593 1376 3656 ipsos
1400 3599 1411 3644 ἲ

370 3667 868 3732 hucexistatimpraesentiarnmpenitus
913 3670 1005 3718 solidos
1027 3684 1071 3733 per
1092 3677 1189 3732 tempus
1211 3671 1312 3735 aliquod
1341 3676 1414 3722 nobis

370 3750 507 3812 ignoratur.
541 3747 606 3797 Nam
624 3747 672 3794 hoc
693 3746 768 3795 etiam
791 3745 868 3796 habe·
913 3748 1009 3797 solvere
1027 3748 1165 3799 differebat
1199 3749 1291 3800 Postea
1301 3752 1414 3815 quidem,

369 3837 410 3878 tur
426 3843 471 3891 pro
489 3835 564 3884 certo,
582 3827 649 3890 quod
664 3825 737 3874 miles
759 3825 868 3887 quidam,
912 3827 1047 3891 arreragiis
1058 3827 1213 3888 condonatis,
1222 3829 1340 3880 dominus
1347 3831 1414 3881 Wil-

369 3908 487 3956 domiuus
503 3907 630 3957 Gerurdas
647 3906 678 3954 de
690 3904 867 3968 Grymestona‚
912 3906 1009 3955 lielmus
1037 3908 1113 3956 abbas
1138 3912 1167 3956 18
1190 3907 1243 3971 ipsa
1271 3916 1415 3960 tenemento

369 3987 517 4036 herethtarie
533 3985 715 4049 quodammodo
731 3983 815 4047 aliqua
832 3970 882 4032 te·⁴
912 3984 1013 4044 ibidem,
1023 3987 1070 4034 sub
1083 4001 1152 4050 spem
1164 3986 1238 4036 unius
1252 3988 1352 4038 bovata
1363 3999 1414 4040 ter·

369 4075 485 4115 nomento
512 4065 604 4114 ibidem
626 4066 658 4113 de
685 4063 757 4112 nobis
784 4070 867 4111 tenere
912 4078 954 4124 rae,
977 4065 1082 4127 praefato
1105 4066 1207 4114 domino
1227 4065 1341 4118 Gerardo
1366 4085 1414 4133 pro

370 4145 508 4201 videbatur,
528 4151 553 4193 et
573 4149 586 4194 7
608 4143 699 4192 solidos
721 4158 747 4192 se
767 4141 868 4191 sciverit
911 4142 973 4206 ipsis
1002 4147 1015 4193 ἰ’
1039 4143 1126 4193 solidis
1153 4145 1244 4194 annuis
1272 4147 1305 4195 ud
1334 4155 1414 4199 totum

372 4225 443 4273 nobis
455 4224 544 4272 debere
556 4224 651 4271 solvere
663 4220 810 4280 annuatim;
824 4221 867 4269 sed
911 4222 989 4271 vitam
1007 4237 1077 4271 suam
1088 4223 1236 4283 dimittebat,
1247 4224 1278 4275 P.

371 4320 416 4369 pro
427 4302 517 4367 quibus
528 4309 648 4350 terrarum
661 4300 816 4363 portionibus
829 4298 867 4362 ig·
945 4302 954 4328 ¹
972 4301 1028 4350 The
1038 4313 1250 4353 commencement
1261 4304 1291 4353 oi
1301 4305 1414 4371 Chapter

372 4379 608 4444 uorarcsepenitus
618 4379 749 4427 fatebatur.
775 4379 812 4426 At
823 4378 866 4427 ubi
912 4380 961 4428 1v.
978 4380 1005 4428 iu
1022 4380 1278 4445 thePhillippsMS.‚
1296 4384 1414 4436 thetide

373 4465 399 4512 in
419 4464 487 4513 dicta
504 4460 565 4509 villa
583 4459 613 4507 de
632 4458 800 4521 Grymestoua
818 4464 869 4506 tres
912 4460 988 4522 being
999 4459 1095 4508 similar
1106 4461 1194 4509 totbat
1205 4461 1235 4511 oi
1242 4461 1354 4526 Chapter
1362 4465 1413 4517 lv.

373 4544 466 4594 solidos
487 4556 532 4605 pro
553 4553 604 4589 ana
628 4538 720 4585 bovata
741 4545 810 4586 tenta
838 4538 869 4585 de
913 4538 1115 4601 intheEgerton
1128 4539 1184 4590 MS.

374 4624 447 4675 nobis
463 4623 489 4671 in
506 4620 587 4679 feodo,
598 4624 623 4666 et
637 4622 651 4664 5
663 4616 780 4665 selliones
796 4625 868 4666 terra
946 4617 956 4645 ⁸
972 4616 1048 4667 Aster
1058 4618 1149 4667 bocatoe
1160 4619 1238 4669 insert
1248 4626 1330 4680 terra,
1342 4623 1373 4673 P.

374 4714 400 4755 et
415 4700 585 4768 praecriptam
604 4698 720 4746 bot-atam
740 4703 811 4746 aaa
828 4696 869 4744 rel
