3256 5692
374 787 441 851 294
632 795 846 848 ammaonte
866 793 976 848 sasas
997 796 1166 860 quassus

204 989 273 1041 Aa).
289 990 351 1041 1197
374 999 505 1044 causam
527 977 594 1044 fine
616 976 729 1042 debito
743 976 863 1042 timore
878 975 972 1041 ducti
992 975 1171 1043 terminare
1192 996 1263 1042 non
1283 980 1427 1063 possem,

203 1062 295 1107 '¹²¹⁰'
373 1084 479 1170 ipsam
503 1080 637 1146 domino
666 1102 761 1167 papas
790 1080 939 1146 seriatim
972 1086 1172 1147 censuerunt
1200 1079 1429 1162 referendam

374 1185 605 1251 attestationes
628 1184 730 1249 etiam
752 1187 787 1249 et
809 1184 1012 1271 transcripta
1029 1188 1196 1250 cartarum
1216 1180 1427 1250 nostrarum¹

374 1289 500 1376 pariter
521 1286 732 1363 destinantes,
761 1291 863 1373 atque
885 1285 974 1352 diem
996 1286 1148 1373 partibus
1179 1307 1246 1373 quo
1277 1287 1318 1353 in
1348 1308 1430 1374 pra-

375 1390 483 1457 sentia
505 1389 685 1476 apostolica
707 1396 937 1477 comparerent
959 1390 1176 1477 praefigentes.
1224 1389 1336 1472 Quam
1357 1390 1429 1478 qui-

375 1494 452 1559 dem
466 1514 599 1558 oausam
614 1491 813 1557 Willielmus
828 1492 1018 1573 monachus,
1035 1498 1116 1558 tunc
1130 1493 1285 1580 supprior
1307 1498 1431 1571 noster,

375 1600 569 1684 prosecutus
591 1599 649 1662 est.
696 1593 771 1675 Qui,
794 1616 870 1661 cum
899 1595 937 1659 in
966 1594 1057 1660 curia
1086 1596 1238 1661 Romane
1262 1617 1324 1683 por
1341 1595 1431 1682 judi-

376 1700 465 1766 cium
488 1695 611 1762 curiae²
633 1696 686 1761 bis
717 1698 940 1785 quadraginta
969 1696 1085 1762 diebus
1109 1697 1247 1764 nuntios
1268 1696 1431 1785 archiepi-

280 1843 286 1856 ·
375 1802 466 1889 scopi
502 1804 732 1886 exspectasset,
771 1805 806 1866 et
843 1822 917 1866 cum
954 1822 1023 1865 non
1061 1800 1238 1881 venissent,
1276 1800 1432 1866 dominus

376 1928 462 1993 papa
484 1905 620 1969 tandem
642 1904 750 1968 tribus
780 1901 962 1990 episcopis,³
988 1901 1125 1980 Eliensi,
1148 1901 1374 1969 Lincolniensi
1398 1906 1434 1968 et

378 2007 593 2084 Norwicensi,
616 2007 749 2093 scripsit
768 2011 804 2072 et
826 2006 992 2093 praecepit,
1013 2005 1179 2092 quatinus,
1195 2006 1305 2073 cidem
1326 2005 1433 2072 archi·

378 2111 529 2199 episcopo
552 2109 693 2196 triginta
715 2109 834 2174 marcis
857 2131 878 2174 a
899 2106 1018 2175 nobis⁴
1040 2108 1112 2175 sine
1134 2096 1334 2175 difficultate
1354 2130 1435 2196 qua·

378 2215 460 2280 libet
491 2212 674 2300 persolutis,
705 2217 829 2277 terram
865 2211 972 2298 ipsam
1009 2233 1069 2277 nos
1105 2210 1261 2289 facerent,
1298 2210 1434 2277 sublato

378 2315 611 2404 appellationis
632 2315 785 2394 remedio,
801 2314 936 2402 pacifice
958 2315 1131 2401 possidere.
1178 2313 1256 2395 Qui,
1272 2315 1436 2402 susceptis

378 2420 501 2484 littoris
534 2418 732 2505 apostolius,
755 2416 959 2484 abbatibus⁶
981 2418 1023 2483 de
1055 2417 1157 2483 Paroo
1181 2416 1287 2485 Ludae
1313 2416 1373 2484 et⁰
1393 2419 1436 2485 de

379 2520 600 2586 Newehows⁷
622 2543 735 2587 curam
756 2521 850 2586 illam
879 2525 914 2587 et
934 2543 1010 2587 suas
1032 2518 1144 2586 vioes⁸
1175 2521 1437 2603 commiserunt;

379 2625 511 2689 litteras
533 2623 639 2689 etiam
662 2623 788 2688 domini
811 2646 907 2711 papae
936 2623 1157 2711 inspiciendas
1172 2623 1221 2690 eis
1243 2624 1438 2691 transmise-

378 2730 468 2791 runt.
515 2725 729 2791 ⁰Abbatibus
752 2748 829 2813 ergo
853 2727 1055 2814 praescriptis
1077 2726 1200 2792 dictam
1214 2748 1352 2793 oausam
1373 2728 1439 2793 sub

378 2829 483 2895 forma
506 2829 619 2895 debita
641 2830 926 2915 prosequentibus,
950 2828 1211 2916 archiepiscopus
1240 2834 1439 2897 constanter

380 2934 501 3021 saepius
535 2933 703 2998 asserebat
735 2954 771 2998 se
808 2953 869 2999 nec
906 2932 1013 2998 dictas
1047 2954 1127 2999 m
1160 2930 1315 2997 marms⁰
1349 2933 1438 2999 velle

212 3040 328 3120 Desidet
380 3039 530 3124 recipere,
562 3058 622 3102 nco
652 3040 777 3101 terram
803 3036 900 3100 nobis
930 3034 1126 3115 restituere3
1149 3034 1231 3100 dicti
1259 3035 1438 3101 abbatas¹⁰

211 3112 583 3245 {ffffihffauctoritate
616 3139 741 3203 domini
775 3161 869 3224 papae
902 3142 1024 3203 terram
1058 3138 1157 3215 illam,
1192 3137 1317 3204 scilicet
1352 3138 1440 3204 duas

382 3249 549 3310 carucatas
588 3248 685 3309 terrae
719 3242 754 3306 in
788 3240 940 3328 Waghna
973 3262 1048 3306 cum
1079 3240 1227 3328 passagio
1260 3242 1361 3307 fluvii
1395 3243 1441 3308 de

383 3347 487 3411 Hullo
513 3351 548 3411 et
578 3345 731 3410 omnibus
760 3343 834 3409 aliis
866 3343 1085 3430 pertinentiis,
1118 3343 1154 3407 in
1187 3343 1292 3430 ipsius
1328 3345 1440 3411 archi-

382 3449 525 3535 episcopi
548 3460 585 3547 ct
612 3448 792 3513 multorum
822 3447 1006 3533 praesentia,
1035 3445 1203 3512 monachis
1228 3447 1356 3512 nostris
1378 3449 1441 3534 qui

381 3556 415 3615 et
439 3555 518 3614 tuno
541 3555 719 3635 praesentes
750 3548 890 3615 aderant
918 3570 977 3635 per
1007 3549 1151 3634 palmam
1173 3547 1316 3614 viridem
1340 3552 1443 3616 resti·

380 3656 536 3731 tuerunt3
559 3658 593 3716 ct
616 3653 835 3737 postmodum,
850 3651 886 3715 in
901 3650 1046 3737 capitulo
1061 3649 1300 3731 Beverlaoensi,
1317 3652 1442 3718 multis

416 3926 422 3954 ¹
436 3922 586 3988 incertarum]
600 3920 788 3981 monachornm,
800 3922 831 3971 P.
927 3931 1018 3973 rerunt
1034 3921 1160 3987 quatinus,
1177 3920 1230 3970 illis
1247 3920 1384 3986 diligenter
1396 3923 1442 3974 in·

414 4007 424 4035 ²
431 4001 635 4068 prr...cun'oe]
650 4001 762 4065 wanting
774 4001 801 4050 ln
812 4001 842 4052 P.
928 4001 1026 4065 spectis,
1057 4000 1187 4050 dominum
1216 4000 1442 4066 archiepiscopum

413 4087 422 4113 ³
434 4083 509 4132 Alter
520 4082 639 4146 episcopis
650 4079 729 4129 insert
740 4079 841 4139 scilicet,
854 4079 882 4130 P.
928 4080 1112 4130 Eboracensem
1123 4078 1269 4144 diligentius
1283 4079 1444 4134 inducerent

414 4160 514 4225 *nobia]
528 4159 659 4210 monachis
670 4159 769 4217 nostris,
780 4159 810 4209 P.
927 4166 955 4209 ut
966 4160 998 4210 ab
1016 4160 1106 4208 abbate
1124 4167 1209 4209 nostro
1226 4164 1259 4208 30
1271 4173 1382 4223 marcas,
1400 4177 1444 4212 se-

413 4243 423 4271 ³
434 4238 643 4290 Alterabbutibua
651 4238 848 4298 insortWarino,
853 4238 882 4288 P.
929 4239 1038 4288 cundum
1048 4245 1161 4287 tenorem
1169 4237 1299 4302 apostolici
1312 4241 1443 4305 mandati,

413 4319 510 4368 siser
520 4327 542 4367 et
554 4318 632 4369 insert
643 4319 783 4379 Lamberto,
795 4318 824 4368 P.
928 4318 1056 4381 reciperet,
1075 4326 1100 4367 et
1119 4318 1192 4368 nobis
1210 4324 1303 4367 terram
1324 4328 1444 4383 praetax-

413 4398 594 4464 ⁷Newelour]
613 4398 732 4462 meaning
755 4396 883 4447 Nonmln·
927 4404 994 4446 atam
1011 4397 1159 4449 restitueret.
1193 4396 1250 4460 Quo
1267 4404 1356 4449 temen
1376 4415 1445 4450 con·

383 4489 441 4539 ster,
454 4481 481 4529 in
493 4478 730 4529 Northumberland.
927 4483 1019 4526 stanter
1030 4476 1122 4540 sapius
1138 4485 1264 4527 asserente
1276 4491 1302 4527 sc
1314 4487 1444 4531 neutrum

413 4564 457 4609 ”et
468 4596 474 4610 .
487 4595 494 4608 .
508 4596 513 4608 .
527 4559 604 4623 vices]
618 4557 732 4622 wanting
742 4556 769 4605 in
780 4556 810 4607 P.
926 4556 1027 4605 illorum
1051 4556 1184 4618 facturum,
1205 4555 1303 4617 scilicet
1330 4573 1382 4609 nec
1413 4576 1445 4613 se

415 4644 425 4668 ⁹
441 4636 598 4687 Attachas.
615 4672 623 4688 .
640 4673 647 4687 .
665 4637 775 4703 marcus]
788 4637 883 4687 Earum
927 4635 1042 4687 denarios
1053 4635 1118 4697 illos,
1128 4636 1159 4686 P.

381 4732 478 4783 quoquo
494 4715 641 4767 auctoritate
658 4714 763 4767 tirmiter
778 4718 882 4767 manda·
960 4716 979 4746 ¹⁰
990 4714 1051 4765 dicti
1061 4713 1175 4781 wtotcs]
1189 4714 1236 4779 illi,
1247 4713 1279 4767 P.
