3232 5692
312 777 374 841 166
571 790 756 841 rurnrrrus
777 790 885 842 mma
907 792 1096 844 snouanue

144 978 212 1028 al).
228 980 291 1025 11⁶0
311 965 512 1051 Greyaeaby,
535 964 623 1031 dicta
646 965 799 1031 Einelina
831 971 865 1032 et
895 966 1039 1033 Thomas
1068 965 1157 1031 filius
1183 964 1253 1050 ejus
1275 986 1358 1052 prae-

144 1049 234 1096 4182.

312 1069 467 1155 scriptam
500 1069 725 1135 venditionem
763 1070 910 1137 dimidiae
940 1076 1103 1136 carucatas
1136 1076 1233 1135 terrae
1264 1068 1359 1133 nobie

312 1172 572 1253 confirmarunt;
595 1179 628 1238 ct
650 1172 719 1260 ipae
742 1172 884 1238 Thomas
905 1194 1008 1238 unum
1032 1174 1163 1255 toftum,
1187 1172 1359 1239 continen-

313 1281 381 1342 tem
404 1298 504 1340 unam
527 1297 645 1357 aeram,
668 1280 736 1342 tree
766 1276 942 1363 perticatas
973 1282 1008 1342 et
1038 1281 1105 1342 tres
1128 1280 1239 1363 partes
1261 1274 1360 1340 unius

313 1378 483 1465 perticata)
511 1383 617 1458 terrae,
652 1383 686 1445 et
703 1383 778 1445 octo
807 1380 985 1467 perticatas
1015 1378 1096 1445 alibi
1126 1377 1163 1443 in
1194 1376 1359 1457 Beforthe,

313 1480 408 1546 nobis
441 1482 575 1568 insuper
611 1481 805 1548 conferebat.
860 1482 977 1548 Petnrs
1008 1485 1118 1547 autem
1153 1481 1195 1548 de
1229 1480 1360 1557 Seterra,

313 1583 421 1650 dictus
443 1584 473 1649 le
497 1583 626 1663 Bame,¹
650 1585 707 1672 qni
738 1585 963 1672 praescriptam
985 1583 1163 1651 Aviciam⁹
1184 1583 1288 1649 filiam
1310 1605 1359 1649 ee·

313 1689 454 1753 cundem
478 1688 559 1754 dicti
591 1687 732 1753 Galfridi
763 1689 984 1776 desponsavit,
1007 1693 1113 1755 totam
1142 1688 1234 1754 illam
1256 1686 1358 1776 parti·

315 1793 422 1857 culam
446 1797 544 1856 terrra
559 1812 632 1877 qaae
654 1790 869 1877 protenditur
890 1814 949 1879 per
962 1791 1104 1858 mediam
1121 1795 1248 1857 curtem
1263 1790 1362 1860 dicta

312 1895 458 1981 grangia
480 1899 602 1960 nostrae
636 1893 677 1958 de
709 1893 811 1973 Mora,
836 1894 1012 1960 habentem
1047 1897 1089 1961 49
1116 1895 1291 1982 perticatas
1324 1893 1360 1958 in

312 1995 522 2081 longitudine
554 1999 589 2061 ct
620 2018 721 2061 unam
753 1997 947 2084 perticatam
979 1997 1015 2061 in
1048 1996 1234 2076 latitudine,
1267 1995 1362 2061 nobis

312 2100 479 2165 concessit.
525 2098 632 2179 Quam
663 2099 874 2166 donationem
905 2099 1095 2188 praescripta
1120 2099 1262 2166 Avicia³
1285 2120 1360 2164 con·

313 2203 456 2283 firmans,
479 2208 554 2288 post
585 2208 726 2268 mortem
758 2201 824 2267 viri
857 2203 918 2286 eui,
948 2203 1114 2290 quandam
1145 2208 1269 2269 terram
1299 2201 1360 2267 sub

313 2305 403 2370 curia
425 2305 523 2371 dictae
545 2304 692 2393 grangiae
714 2305 756 2371 de
779 2304 874 2371 Mora
900 2328 920 2370 a
951 2311 1044 2393 parte
1074 2305 1264 2393 aquilonali,
1287 2326 1360 2391 quae

312 2407 413 2473 habet
435 2430 536 2473 unam
565 2408 760 2495 perticatam
792 2408 826 2474 in
859 2407 1037 2474 latitudine
1067 2414 1101 2475 et
1132 2413 1174 2477 34
1197 2409 1233 2476 in
1256 2407 1360 2496 longi·

312 2510 436 2587 tudine,
459 2515 631 2595 totamque
654 2517 776 2577 terram
799 2511 835 2575 in
857 2512 950 2577 Mora
965 2512 1006 2577 da
1028 2533 1088 2577 ena
1110 2511 1248 2578 dimidia
1268 2533 1359 2577 aaru-

312 2619 394 2694 cata,
418 2635 522 2678 unum
543 2612 676 2692 toftum,
699 2613 793 2678 xviii.
817 2635 907 2679 acras
938 2636 1012 2679 curn
1047 2636 1114 2679 nna
1143 2615 1305 2701 perticata
1326 2618 1360 2679 et

312 2714 458 2794 dimidia,
482 2722 516 2781 et
550 2721 617 2782 tres
648 2716 799 2781 eolliones
830 2722 935 2795 terrae,
958 2716 1053 2782 nobie
1083 2717 1218 2803 insuper
1250 2738 1360 2783 conce-

312 2817 421 2885 debat
468 2819 520 2884 De
542 2825 631 2885 terra
651 2824 763 2885 autern
787 2818 897 2886 tertiae
923 2819 1041 2886 sororis
1064 2818 1224 2899 Matildia,
1248 2817 1357 2886 Ricar-

312 2921 374 2987 dua
403 2921 542 2987 maritus
576 2943 655 2988 suus
687 2922 845 2989 concessit
882 2920 978 2987 nobis
1008 2943 1068 3009 pro
1101 2922 1213 2989 decern
1246 2920 1359 2987 eolidie

312 3028 419 3090 totam
448 3031 571 3090 terram
602 3045 675 3111 quae
701 3024 864 3111 pertinuit
895 3024 939 3089 ad
973 3024 1144 3090 dimidiam
1174 3030 1358 3090 carucatam

312 3128 455 3193 anomia
479 3128 581 3193 Mora.
629 3127 736 3207 Quam
760 3127 972 3193 donationem
994 3127 1067 3214 ipsa
1088 3127 1260 3193 Matildis⁴
1283 3133 1358 3215 post

310 3237 449 3297 mortem
472 3229 534 3295 viri
557 3231 607 3296 sui
624 3229 827 3307 confirmare,
842 3229 937 3296 dedit
957 3230 1051 3295 nobie
1072 3252 1173 3296 unam
1196 3230 1358 3296 culturam

312 3335 535 3399 continentem
551 3333 618 3398 viii.
642 3334 818 3420 perticatas
844 3334 879 3397 in
901 3333 1088 3411 latitudine,
1111 3339 1145 3400 et
1167 3355 1271 3399 unum
1293 3335 1358 3399 taf-

312 3443 384 3502 tum
408 3438 442 3501 iu
468 3435 630 3511 Beforthe,
653 3442 692 3501 ut
715 3442 830 3523 postea
852 3435 1018 3502 referetur.
1066 3436 1111 3501 Et
1134 3458 1247 3503 eorum
1270 3436 1357 3502 filius

312 3539 459 3627 Rogerus
493 3544 559 3603 tres
593 3538 695 3603 tostos
726 3543 761 3603 et
793 3539 874 3603 duae
908 3538 1047 3604 bovatas
1081 3544 1179 3606 terra)
1213 3539 1253 3605 de
1287 3540 1358 3626 ipsa

312 3641 452 3707 dimidia
489 3646 641 3706 carucata
678 3639 762 3705 sua⁶
799 3640 896 3706 nobie
932 3641 1033 3707 etiam
1072 3639 1244 3729 erogavit.⁶
1304 3641 1356 3707 Dc

311 3750 400 3809 terra
422 3745 578 3808 autemt
608 3742 726 3807 sororis
749 3742 796 3808 sic
817 3743 966 3809 refertur.
1012 3743 1154 3809 Thomna
1179 3744 1269 3810 filius
1290 3744 1356 3809 Ro·

310 3845 381 3934 geri
412 3845 452 3910 de
484 3843 687 3930 Greynesby,
714 3843 754 3909 do
788 3866 853 3930 quo
885 3845 1014 3923 dicitur,
1047 3846 1200 3911 dominus
1229 3845 1357 3912 medina

311 3949 433 4014 residui
456 3949 600 4034 ipsarum
623 3947 763 4011 duarum
793 3955 1019 4013 carucatarum
1049 3955 1154 4030 terrae,
1178 3948 1270 4017 dedit
1299 3949 1356 4015 ho-

310 4052 455 4139 magium
478 4056 512 4116 et
534 4049 705 4116 servitium
722 4049 858 4116 Roberti
873 4050 933 4115 filii
955 4056 989 4116 et
1012 4050 1139 4117 heredis
1160 4052 1356 4140 supradictae

311 4154 426 4220 Aiiciee
457 4158 493 4219 et
525 4152 680 4219 heredum
715 4174 848 4220 suorum
884 4152 1028 4221 Roberto
1061 4153 1205 4229 Telono²
1234 4155 1276 4222 de
1297 4177 1357 4221 aua

311 4337 492 4347 ——-.-
703 4338 899 4347 Ἧι.
913 4337 1003 4347 --ια-
1017 4338 1086 4346 ---
1103 4340 1109 4345 .
1157 4340 1201 4346 .--
1219 4340 1318 4347 .—--.
1340 4340 1352 4347 -

345 4446 352 4476 ¹
370 4443 449 4494 dictus
469 4443 490 4493 Ic
507 4443 607 4510 Barac]
627 4445 708 4495 dietus
728 4460 807 4511 pucr;
890 4444 976 4510 ὃειια]
997 4443 1109 4509 wanting
1121 4444 1147 4494 in
1159 4445 1189 4496 1’.

312 4542 343 4576 un
355 4524 540 4574 interliucation
554 4524 579 4572 in
591 4524 621 4575 Ρ.
890 4527 900 4553 ³
917 4526 987 4574 ctiam
1007 4525 1126 4590 eropuuit]
1146 4526 1247 4590 insuper·
1266 4539 1355 4579 conosi

344 4609 353 4636 ’·“
371 4605 497 4669 Ariciam]
516 4603 651 4663 Amiciaru,
664 4603 692 4653 Ρ.
857 4604 938 4664 debat,
949 4604 979 4654 l'.

344 4683 474 4748 ’.’1υἰεία]
493 4682 603 4744 duricia,
615 4683 644 4735 P.
891 4685 900 4712 ¹
921 4682 1025 4750 Taleae]
1046 4683 1168 4748 Thalnae,
1180 4684 1210 4736 Ρ.

346 4766 352 4794 ¹
370 4767 426 4830 ipsc
438 4761 566 4829 Madidis]
586 4762 720 4814 interiined
731 4762 759 4812 in
770 4763 800 4814 P.
