3232 5692
99 2710 229 2762 Benedict.

98 2858 122 2905 p.
135 2850 191 2895 sas.

573 816 711 865 monis
733 816 842 866 sasas
864 819 1015 870 rnarrus.
1252 810 1318 877 25?

271 987 431 1055 Ricardus
464 989 584 1069 “Qasr
605 990 646 1055 de
679 988 787 1076 lyon'’
808 990 845 1055 in
867 998 1032 1078 posterum
1057 992 1165 1058 fuerat
1190 996 1399 1058 nuncu-AD.
1412 1007 1484 1057 neo.

269 1096 375 1177 patus
421 1091 458 1155 Si
480 1098 592 1157 autem
621 1091 692 1157 haec
721 1092 835 1157 fabula
867 1095 915 1157 rei
950 1096 1119 1160 contineat
1140 1095 1316 1159 veritatem

270 1193 400 1259 lectoris
417 1194 543 1279 judicio
566 1193 769 1279 derelinquo.
817 1195 966 1261 Profecto
988 1201 1028 1261 ut
1051 1197 1242 1283 praedictum
1266 1203 1317 1261 est
1329 1209 1413 1278 Philip
1423 1229 1482 1278 pro·

269 1316 345 1382 rege
377 1295 578 1361 Francorum
609 1296 645 1360 in
680 1294 809 1374 Siriam,
844 1320 904 1362 rex
936 1299 1096 1363 Ricardus
1127 1305 1202 1386 post
1240 1280 1473 1408 eumbfflinu

268 1397 511 1483 aliquantulum
544 1401 580 1463 in
613 1398 724 1463 Sicilia
747 1399 934 1465 demoratus
956 1407 1013 1466 est.
1059 1400 1124 1466 Sed
1153 1402 1214 1465 sub
1235 1401 1317 1488 hye-
1327 1408 1440 1488 Richard

268 1501 347 1563 mali
369 1501 437 1565 otio
461 1500 584 1565 otiosus
615 1521 683 1565 non
714 1508 791 1566 erat.
838 1502 904 1567 Sed
932 1502 1062 1568 Graecos
1085 1503 1121 1567 in
1145 1502 1258 1567 Sicilia
1280 1508 1315 1569 et
1326 1485 1429 1607 §33⁸⁸
1440 1476 1469 1527 ¹¹¹

269 1601 423 1666 Calabria
456 1602 668 1689 expugnavit,
691 1601 850 1668 victualia
883 1604 1067 1670 transmisit
1089 1610 1124 1670 et
1145 1605 1315 1670 machinas

269 1703 414 1767 confecit.
461 1704 528 1769 Sed
550 1711 585 1770 et
607 1703 776 1770 castellum
799 1705 944 1792 ligneum
976 1707 1065 1793 quod
1089 1713 1204 1771 contra
1227 1707 1314 1772 Mes·

267 1825 381 1868 sanam
412 1812 562 1871 erexerat
594 1803 786 1893 deponebat,
811 1828 973 1893 cumque
999 1814 1034 1873 et
1056 1809 1177 1873 Acrem
1198 1813 1315 1896 postea

266 1907 489 2003 expugnabat.

267 2224 344 2290 CAP.
370 2225 482 2291 XVII.
506 2226 555 2290 Dc
577 2225 731 2312 captione
747 2225 860 2290 Isalcic'
874 2225 962 2311 repis
980 2225 1164 2311 inrcraoa
1186 2233 1215 2292 ct
1237 2223 1313 2291 sceh-

349 2326 491 2412 jectiorcc
513 2333 610 2392 terroe
633 2350 703 2404 auce
729 2327 828 2412 Cipei
850 2327 896 2392 ad
918 2348 1026 2411 cepam
1040 2326 1236 2392 Ricardum
1246 2352 1261 2406 ;
1284 2332 1314 2392 ct

355 2429 395 2494 de
417 2428 633 2494 coronatione
655 2429 784 2514 requae
807 2429 948 2514 Aople'ce
970 2431 1013 2494 ia
1038 2428 1164 2515 inro;
1188 2435 1218 2493 ct
1242 2427 1313 2494 aleb

354 2551 428 2614 repe
451 2530 493 2595 ‘io
519 2529 623 2614 Cipro
642 2552 706 2615 per
727 2552 837 2614 repam
859 2529 1055 2596 Ricardum
1077 2529 1264 2596 sabstitvto

310 2705 429 2772 Postea
451 2729 509 2772 rex
538 2707 705 2785 Ricardus,
731 2711 752 2772 4
775 2708 829 2773 die
855 2707 976 2794 Aprilis
1007 2708 1192 2772 Messanam
1222 2727 1393 2794 egre-31),
1408 2738 1481 2788 11⁹1.

98 2776 240 2844 Periturg.
265 2807 367 2888 diens,
385 2812 428 2872 20
452 2810 505 2874 die
527 2815 682 2896 sequente
704 2810 742 2873 in
764 2811 873 2874 insula
889 2811 982 2874 Roda
997 2809 1192 2895 applicabat.
1241 2808 1310 2873 Ubi
1323 2811 1413 2863 tm·

97 2908 251 2975 esrompt„
265 2933 324 2995 per
347 2916 365 2976 5
391 2912 460 2977 dies
494 2912 681 2977 demoratus
713 2917 771 2976 est.
829 2912 960 2977 Deinde
993 2916 1104 2975 autem
1135 2911 1311 2996 procedens
1323 2902 1455 2954 Richards

97 2976 143 3027 ool.
158 2981 228 3028 1197.

264 3014 374 3078 ventis
405 3015 577 3077 contrariis
608 3034 712 3099 usque
746 3014 782 3076 in
805 3013 943 3098 Ciprum
968 3017 1112 3077 retortus
1135 3018 1194 3079 est.
1240 3011 1311 3076 Ubi
1323 2969 1397 3100 iiiii
1405 2969 1453 3100 iii

266 3114 340 3178 duae
362 3116 461 3200 regiae
484 3136 585 3179 naves
611 3115 757 3179 irruente
790 3110 986 3201 tempestate
1017 3114 1192 3179 confractae
1214 3101 1467 3217 adV⁰·{¹}ss,⁰7¹’“'

266 3216 435 3281 nientibus
458 3215 578 3302 Cipriis
609 3217 760 3301 spoliatae
782 3223 869 3294 sunt,
893 3222 927 3281 et
950 3217 1021 3280 vivi
1042 3216 1079 3281 in
1111 3217 1158 3281 eis
1189 3217 1313 3304 reperti

266 3319 389 3383 carceri
411 3320 648 3405 mancipantur.
694 3319 744 3382 De
768 3341 907 3404 quarum
931 3319 1070 3383 navium
1100 3339 1168 3382 una
1189 3317 1315 3383 canoel-

268 3420 369 3484 larius
391 3421 478 3506 regis
500 3443 575 3485 cum
597 3420 706 3507 sigillo
729 3422 820 3506 regio
842 3420 1032 3485 submersus
1055 3419 1204 3505 deperiit.
1261 3419 1313 3485 Ut

265 3528 378 3587 autem
400 3545 459 3587 rex
482 3521 641 3588 Ricardus
665 3523 840 3609 Ciprorum
873 3529 986 3608 gestus
1009 3523 1156 3608 agnovit,
1182 3521 1312 3586 litteras

267 3624 380 3688 Isakio
411 3626 480 3710 regi
504 3625 677 3712 Ciprorum
699 3625 959 3701 transmittebat,
981 3629 1021 3688 ut
1044 3623 1162 3688 catalla
1184 3644 1244 3686 sua
1264 3623 1312 3689 sic
1323 3636 1436 3688 Biclara

265 3727 404 3812 spoliata
427 3735 461 3790 et
484 3727 632 3791 homines
647 3728 830 3813 captivatos
845 3727 876 3790 ei
891 3726 1054 3790 liberaret.
1102 3725 1175 3803 Quo
1190 3724 1310 3789 litteris
1322 3704 1419 3821 affl
1427 3704 1479 3759 ⁸¹¹³

263 3829 348 3927 regis
372 3828 504 3892 Ricardi
527 3829 663 3892 minime
698 3829 953 3913 obtemperante,
976 3828 1045 3915 ipse
1067 3848 1126 3891 rex
1149 3826 1309 3892 Ricardus
1321 3836 1393 3886 Isaac

263 3930 562 4016 peregrinationem
594 3952 686 3994 suam
718 3930 893 3995 differebat
924 3936 959 3995 et
991 3950 1102 4016 regem
1134 3902 1464 4034 Οἱρῐοτιιωξῇῗὶζε

263 4032 413 4097 instituit
435 4032 605 4098 debellare.
651 4031 794 4097 Etcum
819 4033 854 4095 in
889 4037 977 4096 terra
999 4032 1174 4119 Ciprorum
1205 4006 1463 4119 appfi.0rc}pna

262 4156 334 4199 care
366 4135 587 4220 disposuisset,
621 4135 750 4199 lsakius
781 4156 840 4198 rex
875 4134 1050 4220 Ciprorum
1081 4134 1166 4199 circa
1195 4133 1311 4200 littora

262 4237 362 4301 maris
384 4237 415 4301 ci
437 4238 473 4301 in
496 4237 628 4300 obviam
650 4236 832 4300 resistebat.
890 4236 955 4300 Sed
985 4236 1121 4299 tandem
1151 4236 1223 4323 regi
1253 4235 1311 4300 Ri-

264 4340 362 4405 cardo
384 4340 501 4404 cedens
523 4361 581 4424 per
604 4345 710 4403 totam
732 4344 864 4403 noctem
887 4342 1077 4423 sequentem
1101 4360 1121 4401 a
1143 4337 1224 4403 facie
1239 4337 1311 4422 ejus

264 4464 299 4507 se
324 4443 507 4508 abscondit
563 4442 636 4506 Rex
669 4446 781 4504 autem
816 4441 987 4519 Ricardus,
1018 4440 1107 4525 apud
1141 4440 1312 4526 navigium

261 4551 467 4631 pernoctans,
490 4544 544 4609 die
566 4543 715 4629 sequenti
745 4542 916 4608 civitatem
946 4542 1181 4629 Lymazonam‚
1205 4543 1312 4609 victu-

1155 4660 1181 4711 R
