3256 5692
204 1056 294 1103 -1182

376 783 439 855 lit
633 802 819 853 rnunrrus
840 800 950 853 unsis
972 803 1161 855 suounnus.

206 983 274 1036 nn.
287 991 351 1036 nro
374 978 516 1044 habebnt
538 978 574 1043 in
598 977 743 1064 periculo
766 977 888 1044 futurae
922 978 1137 1065 perditionis¹
1161 984 1266 1047 erunt
1313 982 1414 1070 Rogo·

373 1081 426 1147 vit
448 1081 551 1168 igitur
573 1081 643 1167 ipso
665 1080 865 1146 Willielmus
880 1080 1070 1169 Philippum
1092 1083 1248 1151 abbatem
1270 1090 1414 1153 nostrum

373 1190 420 1259 ut,
454 1188 586 1270 accepto
619 1184 759 1269 qundnm
795 1183 947 1270 portione
984 1190 1081 1251 terrae
1113 1209 1190 1267 suae,
1221 1187 1414 1255 solutionem

373 1286 478 1352 debiti
500 1287 551 1351 sui
574 1286 644 1372 ipss
675 1292 892 1373 supportaret.
949 1288 1004 1353 Ad
1038 1287 1148 1375 quod²
1177 1290 1290 1371 abbas,
1312 1291 1415 1379 primo

303 1404 307 1411 '
372 1412 440 1455 non
463 1389 627 1455 modicum
658 1389 884 1475 perturbatus,
907 1392 1001 1477 quasi
1033 1394 1197 1459 attonitus
1229 1392 1338 1460 faetus
1369 1399 1416 1462 est

204 1810 331 1875 Arrunge-

203 1890 272 1929 ruent
284 1882 345 1932 with

203 1949 289 1997 Aaron
301 1948 332 1997 ot

206 2016 317 2066 irineoin.

372 1498 407 1558 et
429 1492 642 1579 stupefactus,
666 1497 739 1558 tum
763 1494 841 1579 (puio
863 1516 988 1581 pauper
1010 1500 1080 1560 erat
1111 1506 1145 1562 et
1176 1495 1326 1561 debiturn
1358 1497 1414 1563 irn-

372 1618 529 1676 mensum,
569 1600 640 1661 tum
675 1596 752 1681 quin
789 1596 918 1662 Judaeis
956 1598 991 1661 in
1029 1597 1140 1683 nliquo
1176 1600 1415 1665 communiente

372 1704 484 1765 tutum
507 1721 574 1763 non
597 1720 666 1763 esse
689 1698 869 1763 certissime
891 1699 1022 1778 sciebat,
1036 1699 1122 1767 sieut
1144 1704 1179 1765 et
1200 1705 1317 1787 postea
1330 1722 1415 1767 oom-

371 1803 457 1887 porit
491 1809 525 1866 et
555 1807 711 1888 expertus
745 1801 818 1866 fuit.
874 1801 996 1867 Tmnen
1027 1803 1140 1868 Anron
1173 1802 1342 1869 Judaeus⁸
1376 1804 1416 1869 do

372 1906 550 1984 Lincoluin,
575 1905 633 1990 qui
656 1905 782 1990 primus
804 1910 838 1969 et
868 1905 1032 1969 maximus
1055 1906 1200 1993 ipsorum
1222 1905 1414 1973 Judaeorum

370 2010 545 2076 vidobntur
568 2014 603 2075 et
625 2009 667 2073 ad
689 2029 724 2071 so
747 2012 855 2073 totum
878 2007 1028 2073 debitum
1052 2007 1219 2074 Willielmi
1252 2008 1414 2091 trahebat,

369 2114 567 2199 quingentos
590 2115 625 2176 et
647 2110 787 2196 amplius
814 2132 938 2176 marens
952 2132 987 2175 se
1001 2110 1227 2176 reluraturum
1242 2111 1414 2199 promisit,⁴

368 2216 396 2279 si
420 2216 521 2281 obbas
543 2220 655 2280 noster
677 2214 717 2279 de
740 2213 865 2300 reliquo
887 2234 921 2277 se
944 2213 1189 2279 satisfacturum
1215 2213 1413 2300 sponderet:

368 2323 402 2383 et
419 2319 616 2383 Willielmus
638 2317 708 2404 ipse
730 2322 874 2402 quotuor
888 2329 1056 2382 conuertas
1078 2321 1113 2382 et
1131 2315 1303 2381 dimidiam
1316 2321 1413 2383 terne

369 2422 402 2485 in
428 2421 627 2498 Wharromo,
650 2420 777 2496 liberas,
800 2443 899 2506 puras
921 2427 955 2486 et
977 2421 1114 2507 quietas,
1135 2442 1175 2485 es
1196 2418 1350 2486 intione⁵
1379 2443 1413 2487 se

367 2527 522 2590 doturnrn
547 2524 721 2611 promisit.⁰
767 2522 872 2588 Villas
895 2525 995 2589 etiam
1018 2524 1059 2589 de
1081 2524 1258 2609 Bnyntonn
1281 2530 1316 2591 et
1330 2524 1413 2591 Nes·

231 2656 237 2670 ·
281 2666 294 2693 ›.
366 2628 543 2715 syngwyk,
567 2650 640 2713 qum
679 2626 815 2691 fuerunt
847 2626 947 2692 vodis
979 2627 1180 2704 Judaeorum,
1213 2627 1414 2693 monasterio

367 2740 479 2797 nostro
503 2731 546 2795 ml
568 2735 673 2795 certos
690 2730 848 2794 terminos
870 2730 1037 2809 concessit,
1054 2752 1224 2817 quousque
1239 2729 1413 2818 pecuniam

366 2836 555 2899 solvendam
579 2832 817 2920 reciperemus.⁷
862 2832 917 2898 Ad
948 2833 1141 2898 instantium
1173 2855 1248 2921 ergo
1269 2833 1411 2899 fratrum

366 2962 506 3016 snorum,
529 2938 639 3015 ubbns,
663 2937 741 3002 lieet
757 2936 891 3013 invitus
914 2937 1110 3001 solutionem
1134 2936 1239 3001 debiti
1261 2936 1412 3024 praedioti

367 3043 575 3130 nranueepit‚⁸
598 3040 753 3106 videlieet
776 3040 890 3106 mcclx.
915 3062 1117 3119 rnnreorum3
1149 3040 1197 3105 ito
1224 3040 1312 3126 quod
1344 3040 1412 3104 sin·

365 3149 452 3235 gulis
485 3147 588 3227 annis,
618 3147 719 3210 donec
754 3144 902 3209 debitum
928 3144 1072 3229 plenario
1094 3142 1177 3208 soret
1199 3143 1412 3230 persolutum,

368 3255 410 3317 ln.
428 3273 551 3315 mareas
574 3248 698 3313 Anioni
721 3247 744 3312 J
746 3248 839 3313 udaeo
855 3246 1012 3333 praedicto
1028 3246 1068 3310 de
1084 3246 1283 3312 monasterio
1297 3250 1411 3312 nostro

366 3350 515 3417 soivero⁰
546 3356 722 3417 teneretur.
779 3350 824 3413 Et
847 3348 980 3435 quidem
1004 3349 1071 3435 ipse
1096 3348 1302 3426 Williehnus,
1325 3349 1412 3414 sieut

365 3458 566 3543 promiserat,
590 3459 732 3537 quatuor
754 3457 920 3516 esruontas
931 3449 956 3487 ¹⁰
978 3456 1011 3515 et
1035 3450 1205 3516 dimidiam
1229 3452 1264 3514 in
1292 3450 1411 3516 Wher-

365 3582 462 3631 roms,
501 3557 624 3621 scilieet
662 3559 766 3617 totum
804 3560 926 3618 terram
964 3576 1057 3619 suum
1095 3552 1138 3617 nd
1175 3553 1410 3619 occidentnlem

364 3666 490 3747 partem
515 3660 602 3722 nitro
624 3658 759 3721 <iustum
783 3654 910 3741 nquae,¹¹
940 3663 974 3721 et
1004 3659 1111 3743 ipsum
1145 3678 1239 3742 aqum
1263 3656 1409 3737 ductum,

363 3770 500 3851 incepto
515 3766 610 3848 proto
626 3760 712 3846 quod
728 3760 917 3845 pertinebat
940 3760 983 3825 ad
999 3758 1138 3824 xxxviii.
1155 3759 1295 3825 bovatas
1311 3766 1408 3825 teme

1234 3974 1251 3980 .-
1263 3974 1333 3981 .-.-,.
1351 3975 1357 3979 .

397 4100 402 4127 ¹
414 4096 512 4159 futuru
522 4086 680 4156 perditionis]
700 4087 793 4145 sutura,
805 4086 834 4135 P.
883 4100 885 4117 ¹
942 4084 1116 4149 “mnnrtrepifl
1136 4084 1251 4148 suscepit,
1263 4083 1293 4134 P.

395 4181 404 4205 '·'
423 4174 496 4223 uuor
507 4170 657 4235 prodinunt
668 4169 779 4223 verbum,
791 4166 820 4215 P.
882 4152 885 4193 3
941 4168 951 4189 ‘'
967 4163 996 4211 de
1008 4202 1014 4213 .
1027 4201 1033 4212 .
1047 4202 1052 4212 .
1065 4163 1167 4227 estsere]
1188 4164 1335 4226 praedictum
1354 4180 1407 4213 nro-

396 4258 405 4283 ·³
423 4253 538 4315 dminus]
558 4249 670 4311 wanting
683 4248 708 4295 in
723 4247 749 4295 P.
909 4243 1042 4292 nestorium
1055 4250 1169 4292 nostrum
1179 4244 1291 4303 reddere,
1303 4243 1333 4294 P.

399 4337 404 4361 ¹
420 4330 543 4396 promisit]
564 4327 730 4391 promittebat.
743 4326 771 4374 P.
882 4360 885 4399 3
942 4324 961 4351 ¹⁰
975 4323 1049 4371 After
1057 4330 1188 4370 surm-utus
1197 4322 1275 4371 insert
1285 4330 1368 4381 terroe,
1376 4324 1405 4374 P.

397 4418 405 4439 ⁴¹
422 4430 449 4460 en
463 4409 569 4471 ratione}
590 4405 700 4466 wanting
713 4405 738 4453 in
754 4405 780 4453 P.
882 4414 885 4469 ζ
943 4404 957 4431 ¹¹
975 4401 1047 4450 After
1058 4418 1129 4464 opine
1144 4401 1229 4453 insert.
1241 4402 1408 4452 interdirisns

396 4497 406 4521 ⁸⁵
421 4489 543 4555 promisit]
563 4470 732 4550 promittebat,
742 4484 771 4531 P.
881 4478 884 4537 i
907 4483 938 4528 de
951 4482 1038 4530 soum
1047 4481 1186 4539 Warroma,
1197 4481 1332 4544 Byudstulh
1340 4482 1406 4546 Gry·

396 4576 404 4599 ⁷
423 4570 491 4619 vittas
509 4608 514 4618 .
534 4607 539 4616 .
559 4606 563 4615 .
583 4564 751 4629 ret-iperenoni
783 4569 859 4609 wnrrt-
881 4560 883 4621 j
906 4566 1026 4612 mestonn.
1039 4560 1066 4609 P.

362 4652 442 4715 inpin
457 4652 485 4699 P.
