<?xml version="1.0" encoding="UTF-8"?>
<!DOCTYPE html PUBLIC "-//W3C//DTD XHTML 1.0 Transitional//EN"
    "http://www.w3.org/TR/xhtml1/DTD/xhtml1-transitional.dtd">
<html xmlns="http://www.w3.org/1999/xhtml" xml:lang="en" lang="en">
 <head>
  <title>
</title>
<meta http-equiv="Content-Type" content="text/html;charset=utf-8" />
  <meta name='ocr-system' content='tesseract 3.04.00' />
  <meta name='ocr-capabilities' content='ocr_page ocr_carea ocr_par ocr_line ocrx_word'/>
</head>
<body>
  <div class='ocr_page' id='page_1' title='image "./chronicamonaste00thomgoog_0539.png"; bbox 0 0 3256 5692; ppageno 0'>
   <div class='ocr_carea' id='block_1_1' title="bbox 377 779 1155 847">
    <p class='ocr_par' dir='ltr' id='par_1_1' title="bbox 377 779 1155 847">
     <span class='ocr_line' id='line_1_1' title="bbox 377 779 1155 847; baseline -0.001 -3"><span class='ocrx_word' id='word_1_1' title='bbox 377 779 443 844; x_wconf 77' lang='lat'>488</span> <span class='ocrx_word' id='word_1_2' title='bbox 646 789 830 842; x_wconf 69' lang='lat' dir='ltr'>arcturus</span> <span class='ocrx_word' id='word_1_3' title='bbox 853 788 960 843; x_wconf 79' lang='lat' dir='ltr'>sauss</span> <span class='ocrx_word' id='word_1_4' title='bbox 981 791 1155 847; x_wconf 75' lang='lat' dir='ltr'>summm</span> 
     </span>
    </p>
   </div>
   <div class='ocr_carea' id='block_1_2' title="bbox 207 979 1427 1165">
    <p class='ocr_par' dir='ltr' id='par_1_2' title="bbox 207 979 1427 1165">
     <span class='ocr_line' id='line_1_2' title="bbox 207 979 1427 1068; baseline -0.002 -20"><span class='ocrx_word' id='word_1_5' title='bbox 207 980 559 1068; x_wconf 63' lang='lat' dir='ltr'>Aaoutosquennium</span> <span class='ocrx_word' id='word_1_6' title='bbox 592 987 730 1059; x_wconf 91' lang='lat' dir='ltr'>mortuo,</span> <span class='ocrx_word' id='word_1_7' title='bbox 753 981 895 1047; x_wconf 84' lang='lat' dir='ltr'>Sanctus</span> <span class='ocrx_word' id='word_1_8' title='bbox 926 979 1120 1046; x_wconf 81' lang='lat' dir='ltr'>Edmundus</span> <span class='ocrx_word' id='word_1_9' title='bbox 1142 983 1183 1046; x_wconf 89' lang='lat' dir='ltr'>de</span> <span class='ocrx_word' id='word_1_10' title='bbox 1206 980 1427 1068; x_wconf 82' lang='lat' dir='ltr'>Abyngdona,</span> 
     </span>
     <span class='ocr_line' id='line_1_3' title="bbox 208 1046 1427 1165; baseline -0.002 -15"><span class='ocrx_word' id='word_1_11' title='bbox 208 1046 310 1163; x_wconf 53' lang='lat' dir='ltr'>{an3³</span> <span class='ocrx_word' id='word_1_12' title='bbox 381 1089 462 1150; x_wconf 87' lang='lat' dir='ltr'>tune</span> <span class='ocrx_word' id='word_1_13' title='bbox 484 1083 736 1149; x_wconf 72' lang='lat' dir='ltr'>sarisburiensis</span> <span class='ocrx_word' id='word_1_14' title='bbox 769 1083 1000 1165; x_wconf 86' lang='lat' dir='ltr'>thesaurarius,</span> <span class='ocrx_word' id='word_1_15' title='bbox 1022 1085 1132 1150; x_wconf 86' lang='lat' dir='ltr'>sedem</span> <span class='ocrx_word' id='word_1_16' title='bbox 1155 1082 1427 1151; x_wconf 79' lang='lat' dir='ltr'>Oantnariensem</span> 
     </span>
    </p>
   </div>
   <div class='ocr_carea' id='block_1_3' title="bbox 206 1175 1565 1820">
    <p class='ocr_par' dir='ltr' id='par_1_3' title="bbox 206 1175 1565 1820">
     <span class='ocr_line' id='line_1_4' title="bbox 209 1175 1565 1275; baseline -0.001 -36"><span class='ocrx_word' id='word_1_17' title='bbox 209 1179 360 1247; x_wconf 66' lang='lat' dir='ltr'>mhblsshop</span> <span class='ocrx_word' id='word_1_18' title='bbox 377 1175 556 1275; x_wconf 65' lang='lat' dir='ltr'>occupavit</span> <span class='ocrx_word' id='word_1_19' title='bbox 594 1182 654 1238; x_wconf 85' lang='lat' dir='ltr'>Hic</span> <span class='ocrx_word' id='word_1_20' title='bbox 679 1182 778 1254; x_wconf 85' lang='lat' dir='ltr'>itaque</span> <span class='ocrx_word' id='word_1_21' title='bbox 807 1181 990 1249; x_wconf 80' lang='lat' dir='ltr'>Edmundus,</span> <span class='ocrx_word' id='word_1_22' title='bbox 1011 1183 1089 1255; x_wconf 85' lang='lat' dir='ltr'>apud</span> <span class='ocrx_word' id='word_1_23' title='bbox 1106 1181 1323 1256; x_wconf 84' lang='lat' dir='ltr'>Abyngdonam</span> <span class='ocrx_word' id='word_1_24' title='bbox 1344 1182 1565 1254; x_wconf 67' lang='lat' dir='ltr'>jnxtslilllgdsn,</span> 
     </span>
     <span class='ocr_line' id='line_1_5' title="bbox 208 1245 1549 1336; baseline -0.001 -17"><span class='ocrx_word' id='word_1_25' title='bbox 208 1245 351 1298; x_wconf 47' lang='lat' dir='ltr'>‘’salte“</span> <span class='ocrx_word' id='word_1_26' title='bbox 377 1262 518 1319; x_wconf 84' lang='lat' dir='ltr'>Oxonram</span> <span class='ocrx_word' id='word_1_27' title='bbox 538 1261 687 1327; x_wconf 90' lang='lat' dir='ltr'>oriundus,</span> <span class='ocrx_word' id='word_1_28' title='bbox 707 1268 845 1334; x_wconf 87' lang='lat' dir='ltr'>parentes</span> <span class='ocrx_word' id='word_1_29' title='bbox 863 1261 967 1316; x_wconf 89' lang='lat' dir='ltr'>habuit</span> <span class='ocrx_word' id='word_1_30' title='bbox 992 1263 1158 1334; x_wconf 88' lang='lat' dir='ltr'>religiosos,</span> <span class='ocrx_word' id='word_1_31' title='bbox 1178 1269 1295 1336; x_wconf 89' lang='lat' dir='ltr'>patrem</span> <span class='ocrx_word' id='word_1_32' title='bbox 1321 1279 1425 1332; x_wconf 87' lang='lat' dir='ltr'>eogno-</span> <span class='ocrx_word' id='word_1_33' title='bbox 1437 1258 1549 1308; x_wconf 74' lang='lat' dir='ltr'>⁰0l2⁴³2</span> 
     </span>
     <span class='ocr_line' id='line_1_6' title="bbox 206 1314 1425 1414; baseline 0 -17"><span class='ocrx_word' id='word_1_34' title='bbox 206 1314 280 1378; x_wconf 55' lang='lat' dir='ltr'>bury·</span> <span class='ocrx_word' id='word_1_35' title='bbox 375 1350 472 1398; x_wconf 88' lang='lat' dir='ltr'>mento</span> <span class='ocrx_word' id='word_1_36' title='bbox 490 1342 665 1399; x_wconf 80' lang='lat' dir='ltr'>Edwardnm</span> <span class='ocrx_word' id='word_1_37' title='bbox 683 1341 824 1406; x_wconf 85' lang='lat' dir='ltr'>Divitem,</span> <span class='ocrx_word' id='word_1_38' title='bbox 840 1340 891 1413; x_wconf 90' lang='lat' dir='ltr'>qui</span> <span class='ocrx_word' id='word_1_39' title='bbox 910 1338 1021 1398; x_wconf 78' lang='lat' dir='ltr'>tamen</span> <span class='ocrx_word' id='word_1_40' title='bbox 1038 1360 1181 1399; x_wconf 90' lang='lat' dir='ltr'>consensu</span> <span class='ocrx_word' id='word_1_41' title='bbox 1194 1343 1331 1414; x_wconf 87' lang='lat' dir='ltr'>conjugis</span> <span class='ocrx_word' id='word_1_42' title='bbox 1350 1343 1425 1413; x_wconf 89' lang='lat' dir='ltr'>apud</span> 
     </span>
     <span class='ocr_line' id='line_1_7' title="bbox 374 1420 1424 1493; baseline 0 -17"><span class='ocrx_word' id='word_1_43' title='bbox 374 1423 519 1478; x_wconf 84' lang='lat' dir='ltr'>Evesham</span> <span class='ocrx_word' id='word_1_44' title='bbox 536 1423 628 1478; x_wconf 85' lang='lat' dir='ltr'>vitam</span> <span class='ocrx_word' id='word_1_45' title='bbox 646 1420 730 1477; x_wconf 87' lang='lat' dir='ltr'>duxit</span> <span class='ocrx_word' id='word_1_46' title='bbox 755 1420 932 1493; x_wconf 80' lang='lat' dir='ltr'><strong>regularem,</strong></span> <span class='ocrx_word' id='word_1_47' title='bbox 953 1428 983 1478; x_wconf 91' lang='lat' dir='ltr'>et</span> <span class='ocrx_word' id='word_1_48' title='bbox 1008 1426 1131 1478; x_wconf 88' lang='lat' dir='ltr'>matrem</span> <span class='ocrx_word' id='word_1_49' title='bbox 1156 1421 1332 1486; x_wconf 89' lang='lat' dir='ltr'>Msbiliam,¹</span> <span class='ocrx_word' id='word_1_50' title='bbox 1361 1439 1424 1492; x_wconf 79' lang='lat' dir='ltr'>qna</span> 
     </span>
     <span class='ocr_line' id='line_1_8' title="bbox 373 1504 1422 1577; baseline 0 -17"><span class='ocrx_word' id='word_1_51' title='bbox 373 1505 489 1561; x_wconf 82' lang='lat' dir='ltr'>cilicio²</span> <span class='ocrx_word' id='word_1_52' title='bbox 507 1512 537 1560; x_wconf 88' lang='lat' dir='ltr'>et</span> <span class='ocrx_word' id='word_1_53' title='bbox 553 1506 647 1561; x_wconf 87' lang='lat' dir='ltr'>lorica</span> <span class='ocrx_word' id='word_1_54' title='bbox 661 1504 776 1577; x_wconf 88' lang='lat' dir='ltr'>jugiter</span> <span class='ocrx_word' id='word_1_55' title='bbox 793 1522 846 1561; x_wconf 86' lang='lat' dir='ltr'>usa</span> <span class='ocrx_word' id='word_1_56' title='bbox 863 1506 895 1560; x_wconf 91' lang='lat' dir='ltr'>in</span> <span class='ocrx_word' id='word_1_57' title='bbox 913 1523 999 1562; x_wconf 89' lang='lat' dir='ltr'>earne</span> <span class='ocrx_word' id='word_1_58' title='bbox 1017 1515 1118 1565; x_wconf 88' lang='lat' dir='ltr'>contra</span> <span class='ocrx_word' id='word_1_59' title='bbox 1136 1523 1255 1562; x_wconf 87' lang='lat' dir='ltr'>carnem</span> <span class='ocrx_word' id='word_1_60' title='bbox 1273 1506 1422 1561; x_wconf 75' lang='lat' dir='ltr'>militavit.</span> 
     </span>
     <span class='ocr_line' id='line_1_9' title="bbox 371 1577 1424 1658; baseline 0.001 -19"><span class='ocrx_word' id='word_1_61' title='bbox 371 1584 467 1640; x_wconf 87' lang='lat' dir='ltr'>Natus</span> <span class='ocrx_word' id='word_1_62' title='bbox 492 1585 585 1657; x_wconf 92' lang='lat' dir='ltr'>igitur</span> <span class='ocrx_word' id='word_1_63' title='bbox 612 1585 785 1640; x_wconf 83' lang='lat' dir='ltr'>Edmundns</span> <span class='ocrx_word' id='word_1_64' title='bbox 813 1628 819 1642; x_wconf 94' lang='lat'><strong>.</strong></span> <span class='ocrx_word' id='word_1_65' title='bbox 844 1629 850 1642; x_wconf 95' lang='lat'>.</span> <span class='ocrx_word' id='word_1_66' title='bbox 874 1627 882 1642; x_wconf 90' lang='lat'><strong>.</strong></span> <span class='ocrx_word' id='word_1_67' title='bbox 906 1631 913 1643; x_wconf 93' lang='lat'><em>.</em></span> <span class='ocrx_word' id='word_1_68' title='bbox 937 1577 992 1642; x_wconf 88' lang='lat' dir='ltr'>die</span> <span class='ocrx_word' id='word_1_69' title='bbox 1020 1604 1077 1658; x_wconf 92' lang='lat' dir='ltr'>quo</span> <span class='ocrx_word' id='word_1_70' title='bbox 1101 1586 1133 1640; x_wconf 91' lang='lat' dir='ltr'>in</span> <span class='ocrx_word' id='word_1_71' title='bbox 1157 1586 1254 1640; x_wconf 88' lang='lat' dir='ltr'>lucem</span> <span class='ocrx_word' id='word_1_72' title='bbox 1280 1585 1424 1657; x_wconf 88' lang='lat' dir='ltr'>prodiita</span> 
     </span>
     <span class='ocr_line' id='line_1_10' title="bbox 372 1665 1424 1738; baseline -0.001 -19"><span class='ocrx_word' id='word_1_73' title='bbox 372 1682 457 1719; x_wconf 87' lang='lat' dir='ltr'>mane</span> <span class='ocrx_word' id='word_1_74' title='bbox 474 1683 569 1737; x_wconf 89' lang='lat' dir='ltr'>usque</span> <span class='ocrx_word' id='word_1_75' title='bbox 588 1665 625 1720; x_wconf 88' lang='lat' dir='ltr'>ad</span> <span class='ocrx_word' id='word_1_76' title='bbox 643 1681 795 1734; x_wconf 85' lang='lat' dir='ltr'>vesperam</span> <span class='ocrx_word' id='word_1_77' title='bbox 810 1665 906 1736; x_wconf 87' lang='lat' dir='ltr'>jacuit</span> <span class='ocrx_word' id='word_1_78' title='bbox 924 1667 1008 1738; x_wconf 87' lang='lat' dir='ltr'>qnasi</span> <span class='ocrx_word' id='word_1_79' title='bbox 1036 1665 1187 1729; x_wconf 78' lang='lat' dir='ltr'>exanimis,</span> <span class='ocrx_word' id='word_1_80' title='bbox 1207 1665 1250 1719; x_wconf 84' lang='lat' dir='ltr'>ita</span> <span class='ocrx_word' id='word_1_81' title='bbox 1276 1665 1356 1736; x_wconf 91' lang='lat' dir='ltr'>quod</span> <span class='ocrx_word' id='word_1_82' title='bbox 1380 1682 1424 1718; x_wconf 77' lang='lat' dir='ltr'>as·</span> 
     </span>
     <span class='ocr_line' id='line_1_11' title="bbox 373 1748 1423 1820; baseline 0.001 -17"><span class='ocrx_word' id='word_1_83' title='bbox 373 1753 467 1805; x_wconf 84' lang='lat' dir='ltr'>tantos</span> <span class='ocrx_word' id='word_1_84' title='bbox 498 1766 566 1804; x_wconf 89' lang='lat' dir='ltr'>eum</span> <span class='ocrx_word' id='word_1_85' title='bbox 596 1748 754 1820; x_wconf 78' lang='lat' dir='ltr'>sepultura</span> <span class='ocrx_word' id='word_1_86' title='bbox 784 1749 1010 1806; x_wconf 74' lang='lat' dir='ltr'>demandassent</span> <span class='ocrx_word' id='word_1_87' title='bbox 1039 1749 1096 1805; x_wconf 90' lang='lat' dir='ltr'>nisi</span> <span class='ocrx_word' id='word_1_88' title='bbox 1127 1749 1285 1805; x_wconf 88' lang='lat' dir='ltr'>consilium</span> <span class='ocrx_word' id='word_1_89' title='bbox 1320 1749 1423 1804; x_wconf 84' lang='lat' dir='ltr'>matris</span> 
     </span>
    </p>
   </div>
   <div class='ocr_carea' id='block_1_4' title="bbox 373 1832 1424 2066">
    <p class='ocr_par' dir='ltr' id='par_1_4' title="bbox 373 1832 1424 2066">
     <span class='ocr_line' id='line_1_12' title="bbox 374 1832 1423 1903; baseline 0 -15"><span class='ocrx_word' id='word_1_90' title='bbox 374 1833 545 1888; x_wconf 83' lang='lat' dir='ltr'>obstitisset.</span> <span class='ocrx_word' id='word_1_91' title='bbox 583 1832 711 1888; x_wconf 87' lang='lat' dir='ltr'>Vocatus</span> <span class='ocrx_word' id='word_1_92' title='bbox 730 1837 776 1887; x_wconf 88' lang='lat' dir='ltr'>est</span> <span class='ocrx_word' id='word_1_93' title='bbox 799 1840 897 1892; x_wconf 85' lang='lat' dir='ltr'>autem</span> <span class='ocrx_word' id='word_1_94' title='bbox 914 1834 1088 1890; x_wconf 84' lang='lat' dir='ltr'>Edmundus</span> <span class='ocrx_word' id='word_1_95' title='bbox 1209 1850 1244 1887; x_wconf 92' lang='lat' dir='ltr'>eo</span> <span class='ocrx_word' id='word_1_96' title='bbox 1273 1832 1352 1903; x_wconf 89' lang='lat' dir='ltr'>qnod</span> <span class='ocrx_word' id='word_1_97' title='bbox 1376 1832 1423 1888; x_wconf 89' lang='lat' dir='ltr'>die</span> 
     </span>
     <span class='ocr_line' id='line_1_13' title="bbox 375 1903 1424 1989; baseline 0 -21"><span class='ocrx_word' id='word_1_98' title='bbox 375 1912 475 1968; x_wconf 83' lang='lat' dir='ltr'>Sancti</span> <span class='ocrx_word' id='word_1_99' title='bbox 493 1913 641 1967; x_wconf 83' lang='lat' dir='ltr'>Edmundi</span> <span class='ocrx_word' id='word_1_100' title='bbox 658 1903 815 1989; x_wconf 77' lang='lat' dir='ltr'>martyris</span> <span class='ocrx_word' id='word_1_101' title='bbox 832 1917 918 1970; x_wconf 87' lang='lat' dir='ltr'>natus</span> <span class='ocrx_word' id='word_1_102' title='bbox 946 1920 1033 1979; x_wconf 86' lang='lat' dir='ltr'>esset,</span> <span class='ocrx_word' id='word_1_103' title='bbox 1053 1918 1084 1969; x_wconf 91' lang='lat' dir='ltr'>et</span> <span class='ocrx_word' id='word_1_104' title='bbox 1111 1912 1181 1985; x_wconf 88' lang='lat' dir='ltr'>quia</span> <span class='ocrx_word' id='word_1_105' title='bbox 1205 1918 1301 1968; x_wconf 88' lang='lat' dir='ltr'>mater</span> <span class='ocrx_word' id='word_1_106' title='bbox 1329 1930 1365 1967; x_wconf 83' lang='lat' dir='ltr'>ex</span> <span class='ocrx_word' id='word_1_107' title='bbox 1390 1930 1424 1968; x_wconf 88' lang='lat' dir='ltr'>eo</span> 
     </span>
     <span class='ocr_line' id='line_1_14' title="bbox 373 1991 1421 2066; baseline 0 -20"><span class='ocrx_word' id='word_1_108' title='bbox 373 1992 496 2062; x_wconf 69' lang='lat' dir='ltr'>grauida</span> <span class='ocrx_word' id='word_1_109' title='bbox 513 1992 550 2047; x_wconf 89' lang='lat' dir='ltr'>ad</span> <span class='ocrx_word' id='word_1_110' title='bbox 568 1992 699 2047; x_wconf 89' lang='lat' dir='ltr'>tumbam</span> <span class='ocrx_word' id='word_1_111' title='bbox 718 1992 818 2049; x_wconf 83' lang='lat' dir='ltr'>Sancti</span> <span class='ocrx_word' id='word_1_112' title='bbox 836 1992 985 2048; x_wconf 83' lang='lat' dir='ltr'>Edmundi</span> <span class='ocrx_word' id='word_1_113' title='bbox 1004 1993 1162 2066; x_wconf 88' lang='lat' dir='ltr'>peregrina</span> <span class='ocrx_word' id='word_1_114' title='bbox 1182 1992 1330 2062; x_wconf 81' lang='lat' dir='ltr'>[exoraret</span> <span class='ocrx_word' id='word_1_115' title='bbox 1343 1991 1421 2064; x_wconf 88' lang='lat' dir='ltr'>cnm]</span> 
     </span>
    </p>
   </div>
   <div class='ocr_carea' id='block_1_5' title="bbox 366 2074 1423 2558">
    <p class='ocr_par' dir='ltr' id='par_1_5' title="bbox 366 2074 1423 2558">
     <span class='ocr_line' id='line_1_15' title="bbox 372 2074 1423 2149; baseline -0.002 -17"><span class='ocrx_word' id='word_1_116' title='bbox 372 2076 471 2133; x_wconf 80' lang='lat' dir='ltr'>vitalis</span> <span class='ocrx_word' id='word_1_117' title='bbox 491 2076 612 2147; x_wconf 90' lang='lat' dir='ltr'>spiritus</span> <span class='ocrx_word' id='word_1_118' title='bbox 638 2076 783 2147; x_wconf 80' lang='lat' dir='ltr'>primitias</span> <span class='ocrx_word' id='word_1_119' title='bbox 802 2077 832 2131; x_wconf 93' lang='lat' dir='ltr'>in</span> <span class='ocrx_word' id='word_1_120' title='bbox 850 2094 885 2132; x_wconf 90' lang='lat' dir='ltr'>eo</span> <span class='ocrx_word' id='word_1_121' title='bbox 903 2075 1097 2149; x_wconf 85' lang='lat' dir='ltr'>deprehendit</span> <span class='ocrx_word' id='word_1_122' title='bbox 1116 2115 1236 2131; x_wconf 89' lang='grc'><strong>.....</strong></span> <span class='ocrx_word' id='word_1_123' title='bbox 1285 2074 1344 2130; x_wconf 89' lang='lat' dir='ltr'>Hic</span> <span class='ocrx_word' id='word_1_124' title='bbox 1370 2076 1423 2130; x_wconf 80' lang='lat' dir='ltr'>ab²</span> 
     </span>
     <span class='ocr_line' id='line_1_16' title="bbox 372 2147 1421 2227; baseline 0.001 -17"><span class='ocrx_word' id='word_1_125' title='bbox 372 2156 450 2210; x_wconf 89' lang='lat' dir='ltr'>omni</span> <span class='ocrx_word' id='word_1_126' title='bbox 480 2157 651 2227; x_wconf 82' lang='lat' dir='ltr'>contagione</span> <span class='ocrx_word' id='word_1_127' title='bbox 677 2156 804 2212; x_wconf 82' lang='lat' dir='ltr'>infantili</span> <span class='ocrx_word' id='word_1_128' title='bbox 836 2156 984 2213; x_wconf 82' lang='lat' dir='ltr'>mundus³</span> <span class='ocrx_word' id='word_1_129' title='bbox 1014 2155 1265 2226; x_wconf 88' lang='lat' dir='ltr'>incorruptionem</span> <span class='ocrx_word' id='word_1_130' title='bbox 1288 2147 1421 2212; x_wconf 78' lang='lat' dir='ltr'>senilem</span> 
     </span>
     <span class='ocr_line' id='line_1_17' title="bbox 374 2242 1422 2315; baseline 0 -17"><span class='ocrx_word' id='word_1_131' title='bbox 374 2284 408 2299; x_wconf 89' lang='lat'>..</span> <span class='ocrx_word' id='word_1_132' title='bbox 434 2285 440 2298; x_wconf 93' lang='lat'>.</span> <span class='ocrx_word' id='word_1_133' title='bbox 465 2286 471 2300; x_wconf 94' lang='lat'><strong>.</strong></span> <span class='ocrx_word' id='word_1_134' title='bbox 496 2243 666 2315; x_wconf 82' lang='lat' dir='ltr'>praeelegit;</span> <span class='ocrx_word' id='word_1_135' title='bbox 687 2245 718 2298; x_wconf 89' lang='lat' dir='ltr'>in</span> <span class='ocrx_word' id='word_1_136' title='bbox 735 2243 821 2314; x_wconf 83' lang='lat' dir='ltr'>cujus</span> <span class='ocrx_word' id='word_1_137' title='bbox 841 2244 961 2315; x_wconf 88' lang='lat' dir='ltr'>signum</span> <span class='ocrx_word' id='word_1_138' title='bbox 979 2242 1210 2315; x_wconf 73' lang='lat' dir='ltr'>beata&#39;Virgini</span> <span class='ocrx_word' id='word_1_139' title='bbox 1236 2261 1269 2299; x_wconf 89' lang='lat' dir='ltr'>se</span> <span class='ocrx_word' id='word_1_140' title='bbox 1296 2244 1422 2300; x_wconf 77' lang='lat' dir='ltr'>devovit.</span> 
     </span>
     <span class='ocr_line' id='line_1_18' title="bbox 369 2322 1422 2396; baseline 0.002 -18"><span class='ocrx_word' id='word_1_141' title='bbox 369 2323 418 2379; x_wconf 84' lang='lat' dir='ltr'>Ad</span> <span class='ocrx_word' id='word_1_142' title='bbox 435 2325 539 2380; x_wconf 88' lang='lat' dir='ltr'>matris</span> <span class='ocrx_word' id='word_1_143' title='bbox 557 2323 711 2379; x_wconf 89' lang='lat' dir='ltr'>consilium</span> <span class='ocrx_word' id='word_1_144' title='bbox 729 2324 827 2380; x_wconf 88' lang='lat' dir='ltr'>oilioie</span> <span class='ocrx_word' id='word_1_145' title='bbox 844 2341 917 2380; x_wconf 88' lang='lat' dir='ltr'>usus</span> <span class='ocrx_word' id='word_1_146' title='bbox 935 2340 988 2396; x_wconf 91' lang='lat' dir='ltr'>per</span> <span class='ocrx_word' id='word_1_147' title='bbox 1006 2324 1044 2377; x_wconf 74' lang='lat'>6⁸·</span> <span class='ocrx_word' id='word_1_148' title='bbox 1062 2322 1151 2378; x_wconf 85' lang='lat' dir='ltr'>ferias</span> <span class='ocrx_word' id='word_1_149' title='bbox 1169 2323 1200 2376; x_wconf 90' lang='lat' dir='ltr'>in</span> <span class='ocrx_word' id='word_1_150' title='bbox 1218 2340 1294 2396; x_wconf 83' lang='lat' dir='ltr'>pane</span> <span class='ocrx_word' id='word_1_151' title='bbox 1306 2330 1338 2380; x_wconf 89' lang='lat' dir='ltr'>et</span> <span class='ocrx_word' id='word_1_152' title='bbox 1349 2341 1422 2396; x_wconf 87' lang='lat' dir='ltr'>aqua</span> 
     </span>
     <span class='ocr_line' id='line_1_19' title="bbox 366 2406 1419 2479; baseline 0.001 -17"><span class='ocrx_word' id='word_1_153' title='bbox 366 2407 522 2479; x_wconf 79' lang='lat' dir='ltr'>jejunarit.</span> <span class='ocrx_word' id='word_1_154' title='bbox 560 2407 672 2463; x_wconf 88' lang='lat' dir='ltr'>Diebus</span> <span class='ocrx_word' id='word_1_155' title='bbox 691 2407 846 2464; x_wconf 84' lang='lat' dir='ltr'>dominicis</span> <span class='ocrx_word' id='word_1_156' title='bbox 865 2413 895 2462; x_wconf 90' lang='lat' dir='ltr'>et</span> <span class='ocrx_word' id='word_1_157' title='bbox 913 2406 1039 2473; x_wconf 81' lang='lat' dir='ltr'>festivis,</span> <span class='ocrx_word' id='word_1_158' title='bbox 1060 2412 1218 2477; x_wconf 72' lang='lat' dir='ltr'>antequam</span> <span class='ocrx_word' id='word_1_159' title='bbox 1245 2407 1419 2474; x_wconf 84' lang='lat' dir='ltr'>comederet,</span> 
     </span>
     <span class='ocr_line' id='line_1_20' title="bbox 367 2477 1422 2558; baseline 0.002 -16"><span class='ocrx_word' id='word_1_160' title='bbox 367 2489 541 2558; x_wconf 85' lang='lat' dir='ltr'>psalterium</span> <span class='ocrx_word' id='word_1_161' title='bbox 560 2505 595 2542; x_wconf 89' lang='lat' dir='ltr'>ex</span> <span class='ocrx_word' id='word_1_162' title='bbox 612 2488 728 2558; x_wconf 89' lang='lat' dir='ltr'>integro</span> <span class='ocrx_word' id='word_1_163' title='bbox 746 2486 844 2544; x_wconf 84' lang='lat' dir='ltr'>dicere</span> <span class='ocrx_word' id='word_1_164' title='bbox 863 2485 1022 2542; x_wconf 84' lang='lat' dir='ltr'>consuevit.</span> <span class='ocrx_word' id='word_1_165' title='bbox 1069 2477 1147 2542; x_wconf 84' lang='lat' dir='ltr'>⁴0b</span> <span class='ocrx_word' id='word_1_166' title='bbox 1170 2477 1313 2543; x_wconf 86' lang='lat' dir='ltr'>nimium</span> <span class='ocrx_word' id='word_1_167' title='bbox 1335 2479 1422 2544; x_wconf 87' lang='lat' dir='ltr'>dolo·</span> 
     </span>
    </p>
   </div>
   <div class='ocr_carea' id='block_1_6' title="bbox 367 2566 1422 2736">
    <p class='ocr_par' dir='ltr' id='par_1_6' title="bbox 367 2566 1422 2736">
     <span class='ocr_line' id='line_1_21' title="bbox 367 2566 1422 2653; baseline 0.006 -26"><span class='ocrx_word' id='word_1_168' title='bbox 367 2587 437 2628; x_wconf 90' lang='lat' dir='ltr'>rem</span> <span class='ocrx_word' id='word_1_169' title='bbox 461 2566 579 2652; x_wconf 88' lang='lat' dir='ltr'>eapitis</span> <span class='ocrx_word' id='word_1_170' title='bbox 602 2567 637 2629; x_wconf 92' lang='lat' dir='ltr'>in</span> <span class='ocrx_word' id='word_1_171' title='bbox 659 2566 781 2631; x_wconf 88' lang='lat' dir='ltr'>litteris</span> <span class='ocrx_word' id='word_1_172' title='bbox 803 2566 961 2653; x_wconf 90' lang='lat' dir='ltr'>proficere</span> <span class='ocrx_word' id='word_1_173' title='bbox 983 2587 1077 2652; x_wconf 87' lang='lat' dir='ltr'>paene</span> <span class='ocrx_word' id='word_1_174' title='bbox 1100 2566 1297 2653; x_wconf 86' lang='lat' dir='ltr'>desperavit.</span> <span class='ocrx_word' id='word_1_175' title='bbox 1357 2566 1422 2633; x_wconf 86' lang='lat' dir='ltr'>Sed</span> 
     </span>
     <span class='ocr_line' id='line_1_22' title="bbox 367 2665 1422 2736; baseline 0.006 -7"><span class='ocrx_word' id='word_1_176' title='bbox 367 2672 478 2731; x_wconf 89' lang='lat' dir='ltr'>tamen</span> <span class='ocrx_word' id='word_1_177' title='bbox 501 2665 636 2732; x_wconf 87' lang='lat' dir='ltr'>consilio</span> <span class='ocrx_word' id='word_1_178' title='bbox 658 2668 775 2732; x_wconf 88' lang='lat' dir='ltr'>matris</span> <span class='ocrx_word' id='word_1_179' title='bbox 797 2667 884 2732; x_wconf 90' lang='lat' dir='ltr'>laica</span> <span class='ocrx_word' id='word_1_180' title='bbox 905 2674 940 2733; x_wconf 90' lang='lat' dir='ltr'>et</span> <span class='ocrx_word' id='word_1_181' title='bbox 971 2668 1164 2733; x_wconf 87' lang='lat' dir='ltr'>inordinata</span> <span class='ocrx_word' id='word_1_182' title='bbox 1195 2675 1332 2734; x_wconf 89' lang='lat' dir='ltr'>tonsura</span> <span class='ocrx_word' id='word_1_183' title='bbox 1361 2692 1422 2736; x_wconf 89' lang='lat' dir='ltr'>sua</span> 
     </span>
    </p>
   </div>
   <div class='ocr_carea' id='block_1_7' title="bbox 265 2766 1422 4117">
    <p class='ocr_par' dir='ltr' id='par_1_7' title="bbox 265 2766 1422 4117">
     <span class='ocr_line' id='line_1_23' title="bbox 270 2766 1421 2845; baseline 0.003 -12"><span class='ocrx_word' id='word_1_184' title='bbox 270 2819 273 2826; x_wconf 93' lang='lat'><em>.</em></span> <span class='ocrx_word' id='word_1_185' title='bbox 369 2768 486 2833; x_wconf 89' lang='lat' dir='ltr'>abrasa</span> <span class='ocrx_word' id='word_1_186' title='bbox 515 2774 549 2834; x_wconf 89' lang='lat' dir='ltr'>et</span> <span class='ocrx_word' id='word_1_187' title='bbox 582 2766 723 2834; x_wconf 88' lang='lat' dir='ltr'>clericali</span> <span class='ocrx_word' id='word_1_188' title='bbox 745 2773 888 2845; x_wconf 87' lang='lat' dir='ltr'>attonsa,</span> <span class='ocrx_word' id='word_1_189' title='bbox 911 2768 1033 2834; x_wconf 91' lang='lat' dir='ltr'>doloris</span> <span class='ocrx_word' id='word_1_190' title='bbox 1056 2770 1263 2836; x_wconf 89' lang='lat' dir='ltr'>incommodo</span> <span class='ocrx_word' id='word_1_191' title='bbox 1285 2771 1421 2837; x_wconf 81' lang='lat' dir='ltr'>caruit.⁴</span> 
     </span>
     <span class='ocr_line' id='line_1_24' title="bbox 367 2869 1422 2944; baseline 0.004 -19"><span class='ocrx_word' id='word_1_192' title='bbox 367 2870 448 2926; x_wconf 89' lang='lat' dir='ltr'>Dum</span> <span class='ocrx_word' id='word_1_193' title='bbox 471 2871 560 2927; x_wconf 87' lang='lat' dir='ltr'>etiam</span> <span class='ocrx_word' id='word_1_194' title='bbox 584 2870 616 2926; x_wconf 90' lang='lat' dir='ltr'>in</span> <span class='ocrx_word' id='word_1_195' title='bbox 639 2876 724 2942; x_wconf 87' lang='lat' dir='ltr'>prato</span> <span class='ocrx_word' id='word_1_196' title='bbox 751 2870 878 2942; x_wconf 89' lang='lat' dir='ltr'>quedam</span> <span class='ocrx_word' id='word_1_197' title='bbox 896 2869 1015 2927; x_wconf 81' lang='lat' dir='ltr'>Oxoniae</span> <span class='ocrx_word' id='word_1_198' title='bbox 1039 2872 1138 2928; x_wconf 83' lang='lat' dir='ltr'>ricino</span> <span class='ocrx_word' id='word_1_199' title='bbox 1164 2872 1307 2944; x_wconf 87' lang='lat' dir='ltr'>spatiandi</span> <span class='ocrx_word' id='word_1_200' title='bbox 1333 2891 1422 2930; x_wconf 86' lang='lat' dir='ltr'>causa</span> 
     </span>
     <span class='ocr_line' id='line_1_25' title="bbox 265 2955 1420 3028; baseline 0.008 -24"><span class='ocrx_word' id='word_1_201' title='bbox 265 2990 272 3004; x_wconf 92' lang='lat'><strong><em>.</em></strong></span> <span class='ocrx_word' id='word_1_202' title='bbox 368 2973 501 3010; x_wconf 88' lang='lat' dir='ltr'>seorsum</span> <span class='ocrx_word' id='word_1_203' title='bbox 519 2956 584 3020; x_wconf 90' lang='lat' dir='ltr'>iret,</span> <span class='ocrx_word' id='word_1_204' title='bbox 604 2955 740 3027; x_wconf 88' lang='lat' dir='ltr'>apparuit</span> <span class='ocrx_word' id='word_1_205' title='bbox 757 2955 785 3010; x_wconf 92' lang='lat' dir='ltr'>ei</span> <span class='ocrx_word' id='word_1_206' title='bbox 811 2972 886 3026; x_wconf 89' lang='lat' dir='ltr'>puer</span> <span class='ocrx_word' id='word_1_207' title='bbox 904 2955 1054 3026; x_wconf 87' lang='lat' dir='ltr'>speciosus</span> <span class='ocrx_word' id='word_1_208' title='bbox 1073 2957 1117 3011; x_wconf 87' lang='lat' dir='ltr'>sio</span> <span class='ocrx_word' id='word_1_209' title='bbox 1134 2957 1281 3028; x_wconf 85' lang='lat' dir='ltr'>inquiens,</span> <span class='ocrx_word' id='word_1_210' title='bbox 1303 2960 1321 2985; x_wconf 83' lang='lat'>‘⁴</span> <span class='ocrx_word' id='word_1_211' title='bbox 1334 2957 1420 3013; x_wconf 82' lang='lat' dir='ltr'>Salve</span> 
     </span>
     <span class='ocr_line' id='line_1_26' title="bbox 369 3038 1420 3110; baseline 0.004 -17"><span class='ocrx_word' id='word_1_212' title='bbox 369 3042 388 3066; x_wconf 78' lang='lat'>‘⁶</span> <span class='ocrx_word' id='word_1_213' title='bbox 408 3039 514 3095; x_wconf 86' lang='lat' dir='ltr'>dilecto</span> <span class='ocrx_word' id='word_1_214' title='bbox 532 3039 589 3093; x_wconf 88' lang='lat' dir='ltr'>mil</span> <span class='ocrx_word' id='word_1_215' title='bbox 633 3038 727 3093; x_wconf 85' lang='lat' dir='ltr'>Miror</span> <span class='ocrx_word' id='word_1_216' title='bbox 745 3038 823 3108; x_wconf 88' lang='lat' dir='ltr'>qnod</span> <span class='ocrx_word' id='word_1_217' title='bbox 841 3056 887 3093; x_wconf 86' lang='lat' dir='ltr'>me</span> <span class='ocrx_word' id='word_1_218' title='bbox 905 3056 963 3093; x_wconf 91' lang='lat' dir='ltr'>uon</span> <span class='ocrx_word' id='word_1_219' title='bbox 980 3040 1125 3110; x_wconf 84' lang='lat' dir='ltr'>agnoscis,</span> <span class='ocrx_word' id='word_1_220' title='bbox 1146 3080 1153 3094; x_wconf 91' lang='lat'>.</span> <span class='ocrx_word' id='word_1_221' title='bbox 1175 3081 1182 3095; x_wconf 92' lang='lat'><strong>.</strong></span> <span class='ocrx_word' id='word_1_222' title='bbox 1203 3059 1272 3096; x_wconf 88' lang='lat' dir='ltr'>cum</span> <span class='ocrx_word' id='word_1_223' title='bbox 1290 3041 1420 3097; x_wconf 88' lang='lat' dir='ltr'>adlatus</span> 
     </span>
     <span class='ocr_line' id='line_1_27' title="bbox 370 3122 1419 3196; baseline 0.002 -18"><span class='ocrx_word' id='word_1_224' title='bbox 370 3126 388 3148; x_wconf 78' lang='lat'>‘⁶</span> <span class='ocrx_word' id='word_1_225' title='bbox 409 3130 494 3178; x_wconf 90' lang='lat' dir='ltr'>tunm</span> <span class='ocrx_word' id='word_1_226' title='bbox 512 3124 542 3176; x_wconf 91' lang='lat' dir='ltr'>in</span> <span class='ocrx_word' id='word_1_227' title='bbox 562 3123 648 3178; x_wconf 88' lang='lat' dir='ltr'>scolis</span> <span class='ocrx_word' id='word_1_228' title='bbox 667 3129 697 3177; x_wconf 90' lang='lat' dir='ltr'>ct</span> <span class='ocrx_word' id='word_1_229' title='bbox 715 3123 785 3177; x_wconf 89' lang='lat' dir='ltr'>alibi</span> <span class='ocrx_word' id='word_1_230' title='bbox 800 3122 915 3193; x_wconf 86' lang='lat' dir='ltr'>jugiter</span> <span class='ocrx_word' id='word_1_231' title='bbox 933 3123 1078 3178; x_wconf 85' lang='lat' dir='ltr'>assistam.</span> <span class='ocrx_word' id='word_1_232' title='bbox 1116 3122 1202 3192; x_wconf 80' lang='lat' dir='ltr'>Quod</span> <span class='ocrx_word' id='word_1_233' title='bbox 1220 3143 1292 3196; x_wconf 89' lang='lat' dir='ltr'>ergo</span> <span class='ocrx_word' id='word_1_234' title='bbox 1310 3126 1419 3181; x_wconf 81' lang='lat' dir='ltr'>uideris</span> 
     </span>
     <span class='ocr_line' id='line_1_28' title="bbox 370 3205 1419 3277; baseline 0.005 -18"><span class='ocrx_word' id='word_1_235' title='bbox 370 3210 387 3233; x_wconf 85' lang='lat'><em>“</em></span> <span class='ocrx_word' id='word_1_236' title='bbox 408 3207 439 3260; x_wconf 93' lang='lat' dir='ltr'>in</span> <span class='ocrx_word' id='word_1_237' title='bbox 457 3207 532 3261; x_wconf 84' lang='lat' dir='ltr'>facie</span> <span class='ocrx_word' id='word_1_238' title='bbox 550 3224 616 3260; x_wconf 84' lang='lat' dir='ltr'>mea</span> <span class='ocrx_word' id='word_1_239' title='bbox 636 3206 788 3277; x_wconf 87' lang='lat' dir='ltr'>scriptum,</span> <span class='ocrx_word' id='word_1_240' title='bbox 807 3205 862 3260; x_wconf 87' lang='lat' dir='ltr'>hoc</span> <span class='ocrx_word' id='word_1_241' title='bbox 881 3207 971 3261; x_wconf 77' lang='lat' dir='ltr'>fronti</span> <span class='ocrx_word' id='word_1_242' title='bbox 990 3213 1048 3261; x_wconf 84' lang='lat' dir='ltr'>tuae</span> <span class='ocrx_word' id='word_1_243' title='bbox 1067 3207 1194 3277; x_wconf 90' lang='lat' dir='ltr'>singulis</span> <span class='ocrx_word' id='word_1_244' title='bbox 1212 3209 1348 3264; x_wconf 85' lang='lat' dir='ltr'>noctibus</span> <span class='ocrx_word' id='word_1_245' title='bbox 1368 3209 1419 3264; x_wconf 91' lang='lat' dir='ltr'>im·</span> 
     </span>
     <span class='ocr_line' id='line_1_29' title="bbox 369 3289 1419 3360; baseline 0.003 -16"><span class='ocrx_word' id='word_1_246' title='bbox 369 3293 388 3316; x_wconf 90' lang='lat'>“</span> <span class='ocrx_word' id='word_1_247' title='bbox 408 3290 534 3360; x_wconf 87' lang='lat' dir='ltr'>primc.&#39;’</span> <span class='ocrx_word' id='word_1_248' title='bbox 572 3290 644 3345; x_wconf 86' lang='lat' dir='ltr'>Erat</span> <span class='ocrx_word' id='word_1_249' title='bbox 655 3295 754 3345; x_wconf 86' lang='lat' dir='ltr'>autem</span> <span class='ocrx_word' id='word_1_250' title='bbox 772 3289 914 3360; x_wconf 88' lang='lat' dir='ltr'>scriptum</span> <span class='ocrx_word' id='word_1_251' title='bbox 929 3291 948 3316; x_wconf 90' lang='lat'><strong>“</strong></span> <span class='ocrx_word' id='word_1_252' title='bbox 962 3289 980 3344; x_wconf 85' lang='lat' dir='ltr'><strong>J</strong></span> <span class='ocrx_word' id='word_1_253' title='bbox 982 3307 1049 3345; x_wconf 87' lang='lat' dir='ltr'>esus</span> <span class='ocrx_word' id='word_1_254' title='bbox 1061 3289 1092 3345; x_wconf 89' lang='lat' dir='ltr'>N</span> <span class='ocrx_word' id='word_1_255' title='bbox 1092 3307 1231 3346; x_wconf 83' lang='lat' dir='ltr'>snarenus</span> <span class='ocrx_word' id='word_1_256' title='bbox 1244 3292 1308 3346; x_wconf 87' lang='lat' dir='ltr'>Rex</span> <span class='ocrx_word' id='word_1_257' title='bbox 1322 3291 1343 3346; x_wconf 87' lang='lat' dir='ltr'><strong>J</strong></span> <span class='ocrx_word' id='word_1_258' title='bbox 1343 3293 1419 3348; x_wconf 78' lang='lat' dir='ltr'>udae-</span> 
     </span>
     <span class='ocr_line' id='line_1_30' title="bbox 370 3372 1419 3448; baseline 0.003 -21"><span class='ocrx_word' id='word_1_259' title='bbox 370 3377 388 3399; x_wconf 89' lang='lat'>“</span> <span class='ocrx_word' id='word_1_260' title='bbox 408 3373 523 3428; x_wconf 87' lang='lat' dir='ltr'>orum.”</span> <span class='ocrx_word' id='word_1_261' title='bbox 542 3374 657 3428; x_wconf 80' lang='lat' dir='ltr'>Extune</span> <span class='ocrx_word' id='word_1_262' title='bbox 670 3372 773 3428; x_wconf 87' lang='lat' dir='ltr'>didicit</span> <span class='ocrx_word' id='word_1_263' title='bbox 785 3372 946 3429; x_wconf 72' lang='lat' dir='ltr'>Dominiour</span> <span class='ocrx_word' id='word_1_264' title='bbox 958 3374 1102 3444; x_wconf 84' lang='lat' dir='ltr'>passionis</span> <span class='ocrx_word' id='word_1_265' title='bbox 1120 3376 1294 3430; x_wconf 87' lang='lat' dir='ltr'>memoriam</span> <span class='ocrx_word' id='word_1_266' title='bbox 1304 3376 1419 3448; x_wconf 88' lang='lat' dir='ltr'>jugiter</span> 
     </span>
     <span class='ocr_line' id='line_1_31' title="bbox 367 3456 1419 3531; baseline 0.004 -20"><span class='ocrx_word' id='word_1_267' title='bbox 367 3458 505 3511; x_wconf 89' lang='lat' dir='ltr'>recolere.</span> <span class='ocrx_word' id='word_1_268' title='bbox 551 3456 645 3524; x_wconf 79' lang='lat' dir='ltr'>Quam</span> <span class='ocrx_word' id='word_1_269' title='bbox 671 3456 742 3511; x_wconf 92' lang='lat' dir='ltr'>dum</span> <span class='ocrx_word' id='word_1_270' title='bbox 769 3457 859 3511; x_wconf 88' lang='lat' dir='ltr'>semel</span> <span class='ocrx_word' id='word_1_271' title='bbox 889 3458 925 3512; x_wconf 94' lang='lat' dir='ltr'>ob</span> <span class='ocrx_word' id='word_1_272' title='bbox 956 3459 1086 3513; x_wconf 88' lang='lat' dir='ltr'>futuram</span> <span class='ocrx_word' id='word_1_273' title='bbox 1115 3458 1271 3515; x_wconf 88' lang='lat' dir='ltr'>lectionem</span> <span class='ocrx_word' id='word_1_274' title='bbox 1301 3465 1419 3531; x_wconf 77' lang='lat' dir='ltr'>preater·</span> 
     </span>
     <span class='ocr_line' id='line_1_32' title="bbox 368 3540 1417 3615; baseline 0.006 -21"><span class='ocrx_word' id='word_1_275' title='bbox 368 3541 509 3604; x_wconf 81' lang='lat' dir='ltr'>mitteret,</span> <span class='ocrx_word' id='word_1_276' title='bbox 537 3540 718 3609; x_wconf 83' lang='lat' dir='ltr'>irrumpente</span> <span class='ocrx_word' id='word_1_277' title='bbox 745 3558 860 3606; x_wconf 89' lang='lat' dir='ltr'>aurora,</span> <span class='ocrx_word' id='word_1_278' title='bbox 893 3541 1032 3612; x_wconf 88' lang='lat' dir='ltr'>antiquus</span> <span class='ocrx_word' id='word_1_279' title='bbox 1057 3543 1150 3598; x_wconf 88' lang='lat' dir='ltr'>hostis</span> <span class='ocrx_word' id='word_1_280' title='bbox 1176 3562 1214 3598; x_wconf 90' lang='lat' dir='ltr'>ne</span> <span class='ocrx_word' id='word_1_281' title='bbox 1241 3561 1274 3599; x_wconf 88' lang='lat' dir='ltr'>se</span> <span class='ocrx_word' id='word_1_282' title='bbox 1299 3545 1417 3615; x_wconf 88' lang='lat' dir='ltr'>signare</span> 
     </span>
     <span class='ocr_line' id='line_1_33' title="bbox 365 3622 1417 3699; baseline 0.006 -22"><span class='ocrx_word' id='word_1_283' title='bbox 365 3630 464 3694; x_wconf 86' lang='lat' dir='ltr'>posset</span> <span class='ocrx_word' id='word_1_284' title='bbox 482 3630 637 3692; x_wconf 87' lang='lat' dir='ltr'>utramque</span> <span class='ocrx_word' id='word_1_285' title='bbox 657 3622 712 3676; x_wconf 90' lang='lat' dir='ltr'>sibi</span> <span class='ocrx_word' id='word_1_286' title='bbox 739 3642 857 3678; x_wconf 88' lang='lat' dir='ltr'>manum</span> <span class='ocrx_word' id='word_1_287' title='bbox 884 3625 1027 3695; x_wconf 80' lang='lat' dir='ltr'>alligavit.</span> <span class='ocrx_word' id='word_1_288' title='bbox 1076 3626 1134 3681; x_wconf 79' lang='lat' dir='ltr'>sed</span> <span class='ocrx_word' id='word_1_289' title='bbox 1160 3628 1224 3697; x_wconf 90' lang='lat' dir='ltr'>ipso</span> <span class='ocrx_word' id='word_1_290' title='bbox 1251 3629 1283 3682; x_wconf 92' lang='lat' dir='ltr'>in</span> <span class='ocrx_word' id='word_1_291' title='bbox 1311 3630 1417 3699; x_wconf 90' lang='lat' dir='ltr'>spiritu</span> 
     </span>
     <span class='ocr_line' id='line_1_34' title="bbox 366 3704 1416 3779; baseline 0.006 -19"><span class='ocrx_word' id='word_1_292' title='bbox 366 3712 465 3760; x_wconf 83' lang='lat' dir='ltr'>orante</span> <span class='ocrx_word' id='word_1_293' title='bbox 484 3704 594 3760; x_wconf 89' lang='lat' dir='ltr'>decidit</span> <span class='ocrx_word' id='word_1_294' title='bbox 611 3706 703 3760; x_wconf 88' lang='lat' dir='ltr'>hostis</span> <span class='ocrx_word' id='word_1_295' title='bbox 723 3706 759 3761; x_wconf 92' lang='lat' dir='ltr'>ab</span> <span class='ocrx_word' id='word_1_296' title='bbox 778 3725 812 3762; x_wconf 88' lang='lat' dir='ltr'>eo</span> <span class='ocrx_word' id='word_1_297' title='bbox 831 3708 908 3762; x_wconf 89' lang='lat' dir='ltr'>inter</span> <span class='ocrx_word' id='word_1_298' title='bbox 935 3709 1077 3779; x_wconf 87' lang='lat' dir='ltr'>parietem</span> <span class='ocrx_word' id='word_1_299' title='bbox 1104 3715 1134 3764; x_wconf 89' lang='lat' dir='ltr'>et</span> <span class='ocrx_word' id='word_1_300' title='bbox 1157 3711 1277 3766; x_wconf 83' lang='lat' dir='ltr'>lectum.</span> <span class='ocrx_word' id='word_1_301' title='bbox 1322 3712 1416 3779; x_wconf 75' lang='lat' dir='ltr'>Quem</span> 
     </span>
     <span class='ocr_line' id='line_1_35' title="bbox 365 3789 1416 3865; baseline 0.007 -22"><span class='ocrx_word' id='word_1_302' title='bbox 365 3790 436 3844; x_wconf 93' lang='lat' dir='ltr'>dum</span> <span class='ocrx_word' id='word_1_303' title='bbox 465 3807 518 3860; x_wconf 89' lang='lat' dir='ltr'>per</span> <span class='ocrx_word' id='word_1_304' title='bbox 548 3789 745 3859; x_wconf 87' lang='lat' dir='ltr'>aspersionem</span> <span class='ocrx_word' id='word_1_305' title='bbox 775 3792 927 3861; x_wconf 87' lang='lat' dir='ltr'>sanguinis</span> <span class='ocrx_word' id='word_1_306' title='bbox 958 3792 1069 3848; x_wconf 83' lang='lat' dir='ltr'>Christi</span> <span class='ocrx_word' id='word_1_307' title='bbox 1099 3794 1265 3865; x_wconf 84' lang='lat' dir='ltr'>adjurasset</span> <span class='ocrx_word' id='word_1_308' title='bbox 1295 3801 1328 3850; x_wconf 90' lang='lat' dir='ltr'>ut</span> <span class='ocrx_word' id='word_1_309' title='bbox 1359 3796 1416 3850; x_wconf 91' lang='lat' dir='ltr'>sibi</span> 
     </span>
     <span class='ocr_line' id='line_1_36' title="bbox 365 3872 1416 3950; baseline 0.006 -22"><span class='ocrx_word' id='word_1_310' title='bbox 365 3874 546 3944; x_wconf 87' lang='lat' dir='ltr'>dicerotper</span> <span class='ocrx_word' id='word_1_311' title='bbox 565 3872 720 3943; x_wconf 88' lang='lat' dir='ltr'>quidplus</span> <span class='ocrx_word' id='word_1_312' title='bbox 740 3875 832 3928; x_wconf 83' lang='lat' dir='ltr'>arceri</span> <span class='ocrx_word' id='word_1_313' title='bbox 862 3882 970 3946; x_wconf 88' lang='lat' dir='ltr'>posset,</span> <span class='ocrx_word' id='word_1_314' title='bbox 991 3877 1151 3946; x_wconf 88' lang='lat' dir='ltr'>respondit,</span> <span class='ocrx_word' id='word_1_315' title='bbox 1173 3879 1259 3932; x_wconf 84' lang='lat' dir='ltr'>“Per</span> <span class='ocrx_word' id='word_1_316' title='bbox 1282 3879 1314 3933; x_wconf 93' lang='lat' dir='ltr'>id</span> <span class='ocrx_word' id='word_1_317' title='bbox 1338 3880 1416 3950; x_wconf 87' lang='lat' dir='ltr'>quod</span> 
     </span>
     <span class='ocr_line' id='line_1_37' title="bbox 366 3956 1416 4032; baseline 0.008 -21"><span class='ocrx_word' id='word_1_318' title='bbox 366 3961 385 3984; x_wconf 89' lang='lat'>“</span> <span class='ocrx_word' id='word_1_319' title='bbox 405 3958 494 4032; x_wconf 75' lang='lat' dir='ltr'>modo</span> <span class='ocrx_word' id='word_1_320' title='bbox 508 3956 692 4011; x_wconf 87' lang='lat' dir='ltr'>nominasti.”</span> <span class='ocrx_word' id='word_1_321' title='bbox 728 3957 797 4013; x_wconf 79' lang='lat' dir='ltr'>Alia</span> <span class='ocrx_word' id='word_1_322' title='bbox 809 3959 883 4023; x_wconf 85' lang='lat' dir='ltr'>vice,</span> <span class='ocrx_word' id='word_1_323' title='bbox 903 3960 974 4015; x_wconf 91' lang='lat' dir='ltr'>dum</span> <span class='ocrx_word' id='word_1_324' title='bbox 992 3961 1065 4016; x_wconf 87' lang='lat' dir='ltr'>hano</span> <span class='ocrx_word' id='word_1_325' title='bbox 1083 3962 1241 4017; x_wconf 87' lang='lat' dir='ltr'>orationem</span> <span class='ocrx_word' id='word_1_326' title='bbox 1262 3966 1281 3989; x_wconf 92' lang='lat'>“</span> <span class='ocrx_word' id='word_1_327' title='bbox 1292 3962 1316 4017; x_wconf 95' lang='lat' dir='ltr'>O</span> <span class='ocrx_word' id='word_1_328' title='bbox 1329 3963 1416 4019; x_wconf 81' lang='lat' dir='ltr'>bcata</span> 
     </span>
     <span class='ocr_line' id='line_1_38' title="bbox 366 4040 1413 4117; baseline 0.009 -22"><span class='ocrx_word' id='word_1_329' title='bbox 366 4044 385 4067; x_wconf 91' lang='lat'>“</span> <span class='ocrx_word' id='word_1_330' title='bbox 405 4050 435 4097; x_wconf 87' lang='lat' dir='ltr'>et</span> <span class='ocrx_word' id='word_1_331' title='bbox 447 4042 619 4096; x_wconf 86' lang='lat' dir='ltr'>intemerata</span> <span class='ocrx_word' id='word_1_332' title='bbox 628 4040 645 4064; x_wconf 78' lang='lat'>&#39;³</span> <span class='ocrx_word' id='word_1_333' title='bbox 659 4041 756 4096; x_wconf 88' lang='lat' dir='ltr'>dicere</span> <span class='ocrx_word' id='word_1_334' title='bbox 769 4043 927 4109; x_wconf 88' lang='lat' dir='ltr'>omisisset,</span> <span class='ocrx_word' id='word_1_335' title='bbox 940 4045 1043 4099; x_wconf 85' lang='lat' dir='ltr'>beatus</span> <span class='ocrx_word' id='word_1_336' title='bbox 1057 4045 1076 4098; x_wconf 89' lang='lat' dir='ltr'><strong>J</strong></span> <span class='ocrx_word' id='word_1_337' title='bbox 1078 4047 1203 4100; x_wconf 87' lang='lat' dir='ltr'>ohannes</span> <span class='ocrx_word' id='word_1_338' title='bbox 1222 4047 1413 4117; x_wconf 76' lang='lat' dir='ltr'>evangelista,</span> 
     </span>
    </p>
   </div>
   <div class='ocr_carea' id='block_1_8' title="bbox 363 4124 1571 4360">
    <p class='ocr_par' dir='ltr' id='par_1_8' title="bbox 363 4124 1571 4360">
     <span class='ocr_line' id='line_1_39' title="bbox 363 4124 1415 4203; baseline 0.01 -26"><span class='ocrx_word' id='word_1_339' title='bbox 363 4124 510 4178; x_wconf 87' lang='lat' dir='ltr'>insomnis</span> <span class='ocrx_word' id='word_1_340' title='bbox 524 4142 676 4195; x_wconf 85' lang='lat' dir='ltr'>apparens,</span> <span class='ocrx_word' id='word_1_341' title='bbox 688 4127 881 4182; x_wconf 86' lang='lat' dir='ltr'>comminatus</span> <span class='ocrx_word' id='word_1_342' title='bbox 894 4132 1018 4183; x_wconf 85' lang='lat' dir='ltr'>osteum</span> <span class='ocrx_word' id='word_1_343' title='bbox 1031 4128 1294 4200; x_wconf 86' lang='lat' dir='ltr'>serulapercutcre.</span> <span class='ocrx_word' id='word_1_344' title='bbox 1314 4132 1415 4203; x_wconf 86' lang='lat' dir='ltr'>Atque</span> 
     </span>
     <span class='ocr_line' id='line_1_40' title="bbox 363 4196 1571 4280; baseline 0.012 -22"><span class='ocrx_word' id='word_1_345' title='bbox 363 4196 449 4280; x_wconf 86' lang='lat' dir='ltr'>quia,</span> <span class='ocrx_word' id='word_1_346' title='bbox 461 4210 536 4258; x_wconf 83' lang='lat' dir='ltr'>teste</span> <span class='ocrx_word' id='word_1_347' title='bbox 550 4206 704 4274; x_wconf 87' lang='lat' dir='ltr'>scriptura,</span> <span class='ocrx_word' id='word_1_348' title='bbox 720 4208 739 4232; x_wconf 88' lang='lat'>“</span> <span class='ocrx_word' id='word_1_349' title='bbox 750 4205 801 4274; x_wconf 91' lang='lat' dir='ltr'>qui</span> <span class='ocrx_word' id='word_1_350' title='bbox 813 4206 930 4262; x_wconf 86' lang='lat' dir='ltr'>modica</span> <span class='ocrx_word' id='word_1_351' title='bbox 942 4209 1101 4264; x_wconf 87' lang='lat' dir='ltr'>contemnit</span> <span class='ocrx_word' id='word_1_352' title='bbox 1112 4210 1252 4280; x_wconf 87' lang='lat' dir='ltr'>paulatim</span> <span class='ocrx_word' id='word_1_353' title='bbox 1266 4210 1414 4277; x_wconf 85' lang='lat' dir='ltr'>decidet,&#39;&#39;</span> <span class='ocrx_word' id='word_1_354' title='bbox 1427 4219 1508 4272; x_wconf 79' lang='lat' dir='ltr'>Eceli.</span> <span class='ocrx_word' id='word_1_355' title='bbox 1521 4220 1571 4271; x_wconf 77' lang='lat' dir='ltr'>rin</span> 
     </span>
     <span class='ocr_line' id='line_1_41' title="bbox 364 4283 1452 4360; baseline 0.006 -22"><span class='ocrx_word' id='word_1_356' title='bbox 364 4285 426 4356; x_wconf 87' lang='lat' dir='ltr'>ipse</span> <span class='ocrx_word' id='word_1_357' title='bbox 444 4283 480 4337; x_wconf 88' lang='lat' dir='ltr'>de</span> <span class='ocrx_word' id='word_1_358' title='bbox 498 4284 661 4338; x_wconf 86' lang='lat' dir='ltr'>venialibus</span> <span class='ocrx_word' id='word_1_359' title='bbox 679 4301 732 4354; x_wconf 88' lang='lat' dir='ltr'>pcr</span> <span class='ocrx_word' id='word_1_360' title='bbox 750 4285 961 4340; x_wconf 84' lang='lat' dir='ltr'>confessionem</span> <span class='ocrx_word' id='word_1_361' title='bbox 974 4288 1104 4357; x_wconf 85' lang='lat' dir='ltr'>quotidie</span> <span class='ocrx_word' id='word_1_362' title='bbox 1117 4290 1299 4360; x_wconf 79' lang='lat' dir='ltr'>repurgavit</span> <span class='ocrx_word' id='word_1_363' title='bbox 1317 4331 1323 4343; x_wconf 93' lang='lat'>.</span> <span class='ocrx_word' id='word_1_364' title='bbox 1346 4332 1353 4344; x_wconf 92' lang='lat'><strong>.</strong></span> <span class='ocrx_word' id='word_1_365' title='bbox 1376 4332 1383 4346; x_wconf 91' lang='lat'>.</span> <span class='ocrx_word' id='word_1_366' title='bbox 1405 4292 1452 4347; x_wconf 82' lang='lat' dir='ltr'>,l-</span> 
     </span>
    </p>
   </div>
   <div class='ocr_carea' id='block_1_9' title="bbox 362 4366 1414 4441">
    <p class='ocr_par' dir='ltr' id='par_1_9' title="bbox 362 4366 1414 4441">
     <span class='ocr_line' id='line_1_42' title="bbox 362 4366 1414 4441; baseline 0.007 -18"><span class='ocrx_word' id='word_1_367' title='bbox 362 4368 412 4432; x_wconf 87' lang='lat' dir='ltr'>At,</span> <span class='ocrx_word' id='word_1_368' title='bbox 441 4366 576 4438; x_wconf 84' lang='lat' dir='ltr'>quamvis</span> <span class='ocrx_word' id='word_1_369' title='bbox 603 4368 634 4420; x_wconf 89' lang='lat' dir='ltr'>in</span> <span class='ocrx_word' id='word_1_370' title='bbox 660 4369 750 4423; x_wconf 86' lang='lat' dir='ltr'>sacris</span> <span class='ocrx_word' id='word_1_371' title='bbox 776 4386 834 4422; x_wconf 90' lang='lat' dir='ltr'>uon</span> <span class='ocrx_word' id='word_1_372' title='bbox 864 4369 970 4426; x_wconf 85' lang='lat' dir='ltr'>fuisset</span> <span class='ocrx_word' id='word_1_373' title='bbox 999 4377 1159 4441; x_wconf 91' lang='lat' dir='ltr'>promotus,</span> <span class='ocrx_word' id='word_1_374' title='bbox 1190 4373 1284 4428; x_wconf 82' lang='lat' dir='ltr'>factus</span> <span class='ocrx_word' id='word_1_375' title='bbox 1314 4380 1414 4431; x_wconf 87' lang='lat' dir='ltr'>tamen</span> 
     </span>
    </p>
   </div>
   <div class='ocr_carea' id='block_1_10' title="bbox 755 4495 1214 4506">
    <p class='ocr_par' dir='ltr' id='par_1_10' title="bbox 755 4495 1214 4506">
     <span class='ocr_line' id='line_1_43' title="bbox 755 4495 1214 4506; baseline 0.002 -3"><span class='ocrx_word' id='word_1_376' title='bbox 755 4495 1062 4506; x_wconf 58' lang='lat'><em>——-—.—..---</em></span> <span class='ocrx_word' id='word_1_377' title='bbox 1108 4500 1113 4503; x_wconf 90' lang='lat'><em>.</em></span> <span class='ocrx_word' id='word_1_378' title='bbox 1148 4501 1155 4504; x_wconf 71' lang='grc'>,</span> <span class='ocrx_word' id='word_1_379' title='bbox 1211 4501 1214 4504; x_wconf 85' lang='grc'>.</span> 
     </span>
    </p>
   </div>
   <div class='ocr_carea' id='block_1_11' title="bbox 398 4555 1412 4782">
    <p class='ocr_par' dir='ltr' id='par_1_11' title="bbox 398 4555 1412 4782">
     <span class='ocr_line' id='line_1_44' title="bbox 399 4555 1412 4629; baseline 0.009 -23"><span class='ocrx_word' id='word_1_380' title='bbox 399 4559 405 4588; x_wconf 84' lang='lat'>¹</span> <span class='ocrx_word' id='word_1_381' title='bbox 423 4555 572 4621; x_wconf 71' lang='lat' dir='ltr'>Metilium]</span> <span class='ocrx_word' id='word_1_382' title='bbox 591 4555 733 4617; x_wconf 78' lang='lat' dir='ltr'>Mutildam,</span> <span class='ocrx_word' id='word_1_383' title='bbox 744 4557 776 4608; x_wconf 90' lang='lat' dir='ltr'>R.</span> <span class='ocrx_word' id='word_1_384' title='bbox 789 4557 825 4610; x_wconf 84' lang='grc' dir='ltr'>Η.</span> <span class='ocrx_word' id='word_1_385' title='bbox 944 4561 952 4589; x_wconf 84' lang='lat'><strong>⁴</strong></span> <span class='ocrx_word' id='word_1_386' title='bbox 972 4559 1030 4611; x_wconf 76' lang='lat' dir='ltr'>Ol).</span> <span class='ocrx_word' id='word_1_387' title='bbox 1049 4599 1055 4612; x_wconf 92' lang='lat'>.</span> <span class='ocrx_word' id='word_1_388' title='bbox 1075 4599 1081 4611; x_wconf 92' lang='lat'><strong>.</strong></span> <span class='ocrx_word' id='word_1_389' title='bbox 1098 4563 1192 4628; x_wconf 75' lang='lat' dir='ltr'>contii]</span> <span class='ocrx_word' id='word_1_390' title='bbox 1212 4563 1335 4629; x_wconf 83' lang='lat' dir='ltr'>ubridged</span> <span class='ocrx_word' id='word_1_391' title='bbox 1346 4566 1412 4616; x_wconf 78' lang='lat' dir='ltr'>from</span> 
     </span>
     <span class='ocr_line' id='line_1_45' title="bbox 398 4634 989 4702; baseline 0.007 -18"><span class='ocrx_word' id='word_1_392' title='bbox 398 4640 408 4667; x_wconf 81' lang='lat'>&#39;²</span> <span class='ocrx_word' id='word_1_393' title='bbox 423 4634 516 4702; x_wconf 88' lang='lat' dir='ltr'>cilicio]</span> <span class='ocrx_word' id='word_1_394' title='bbox 535 4636 619 4686; x_wconf 88' lang='lat' dir='ltr'>silicio</span> <span class='ocrx_word' id='word_1_395' title='bbox 630 4635 656 4684; x_wconf 93' lang='lat' dir='ltr'>in</span> <span class='ocrx_word' id='word_1_396' title='bbox 670 4635 725 4687; x_wconf 83' lang='lat' dir='ltr'>MS.</span> <span class='ocrx_word' id='word_1_397' title='bbox 909 4638 940 4688; x_wconf 89' lang='lat' dir='ltr'>R.</span> <span class='ocrx_word' id='word_1_398' title='bbox 954 4638 989 4688; x_wconf 90' lang='lat' dir='ltr'>H.</span> 
     </span>
     <span class='ocr_line' id='line_1_46' title="bbox 402 4715 866 4782; baseline 0.002 -17"><span class='ocrx_word' id='word_1_399' title='bbox 402 4719 412 4746; x_wconf 78' lang='lat'><strong>³</strong></span> <span class='ocrx_word' id='word_1_400' title='bbox 428 4715 543 4782; x_wconf 76' lang='lat' dir='ltr'>ruaudus]</span> <span class='ocrx_word' id='word_1_401' title='bbox 562 4715 718 4780; x_wconf 76' lang='lat' dir='ltr'>transposed,</span> <span class='ocrx_word' id='word_1_402' title='bbox 729 4715 866 4782; x_wconf 78' lang='lat' dir='ltr'>according</span> 
     </span>
    </p>
   </div>
   <div class='ocr_carea' id='block_1_12' title="bbox 363 4794 477 4847">
    <p class='ocr_par' dir='ltr' id='par_1_12' title="bbox 363 4794 477 4847">
     <span class='ocr_line' id='line_1_47' title="bbox 363 4794 477 4847; baseline 0 -1"><span class='ocrx_word' id='word_1_403' title='bbox 363 4794 477 4847; x_wconf 67' lang='lat' dir='ltr'>telam</span> 
     </span>
    </p>
   </div>
   <div class='ocr_carea' id='block_1_13' title="bbox 0 0 1632 5692">
    <p class='ocr_par' dir='ltr' id='par_1_13' title="bbox 0 0 1632 5692">
     <span class='ocr_line' id='line_1_48' title="bbox 0 0 1632 5692; baseline 0 4"><span class='ocrx_word' id='word_1_404' title='bbox 0 0 1632 5692; x_wconf 95' lang='lat' dir='ltr'> </span> 
     </span>
    </p>
   </div>
  </div>
 </body>
</html>
