3232 5692
307 719 371 783 122
633 731 732 782 suan
754 732 863 781 ansas
887 730 1023 782 ramus

305 912 492 979 pcccatorum
527 907 690 972 indixisset,
722 908 876 963 tundentes
911 907 1049 979 pectora¹
1078 907 1185 963 erectis
1217 905 1352 961 manibus

305 999 438 1056 divinum
457 1000 598 1056 auxilinm
623 1000 825 1071 precabantur.
874 991 1027 1078 Dalaque
1058 990 1179 1079 populo
1210 989 1253 1055 ab
1288 989 1354 1077 epi·

138 1106 269 1159 notator
306 1115 401 1179 scopo
424 1091 660 1171 benedictione,
685 1091 848 1158 exercitus
865 1093 1102 1181 jungebantur.
1137 1091 1226 1157 Dum
1241 1097 1354 1159 autem
1367 1097 1523 1148 Hennam

137 1175 272 1227 *hem
305 1195 391 1261 acies
424 1194 610 1259 Scottorum
645 1194 871 1275 Locrensium,
895 1197 952 1281 qui
978 1194 1118 1282 gloriam
1140 1195 1239 1282 primi
1270 1195 1356 1261 ictus
1367 1180 1391 1230 Ρ·
1403 1169 1459 1215 ³⁸⁸·

305 1296 498 1386 postpositis
521 1296 751 1362 Galwensibus
773 1317 794 1361 a
814 1319 890 1383 rego
914 1297 1101 1363 Scottorum
1122 1295 1230 1362 invito
1252 1295 1355 1383 prori-

306 1404 455 1488 puerunt,
493 1420 592 1487 super
619 1399 720 1464 aciem
753 1399 902 1484 equitum
936 1399 1120 1487 Anglorum
1154 1403 1355 1466 armatorum

306 1501 506 1590 percutiunt,
543 1521 694 1587 percusso
716 1500 841 1582 sagitta
874 1521 1001 1566 summo
1033 1500 1114 1566 duce
1138 1500 1355 1567 Locrensium

306 1603 429 1670 corruit
451 1602 529 1688 ipse,
546 1606 581 1667 et
602 1606 674 1667 tota
694 1623 775 1688 gens
797 1623 909 1667 eorum
931 1603 968 1667 in
989 1601 1103 1689 fugam
1125 1608 1176 1670 est
1189 1625 1353 1669 conversa.

308 1705 392 1772 Tota
433 1725 575 1789 namque
612 1725 692 1791 gens
732 1702 916 1790 Anglorum
953 1704 1134 1791 sagittariis
1170 1704 1356 1771 commixtis

310 1806 478 1895 equitibus
515 1807 552 1870 in
586 1828 653 1871 una
685 1806 754 1871 acie
785 1806 870 1871 circa
902 1806 1118 1871 standardum
1160 1806 1355 1894 conglobata

309 1909 530 1997 persistebant
552 1906 758 1974 immobiles.2
814 1908 941 1995 Fugam
964 1910 1127 1974 sociorum
1149 1908 1264 1974 videns
1289 1910 1356 1976 alia

307 2011 392 2078 acies
415 2011 562 2076 maxima
588 2001 784 2088 Scottorum,
808 2032 882 2096 quae
905 2033 947 2076 ex
968 2010 1072 2076 altera
1086 2016 1180 2097 parte
1201 2013 1356 2077 acerrime

308 2114 488 2201 pugnabat,
514 2112 626 2177 animo
649 2111 784 2178 delituit
807 2117 842 2178 et
864 2113 952 2199 fugae
974 2111 1173 2198 indulgebat
1218 2112 1355 2178 Interim

309 2221 429 2292 autem,
453 2213 589 2301 quidam
621 2236 662 2279 ex
693 2215 819 2302 Anglis,
842 2220 973 2300 accepto
995 2213 1137 2301 quodam
1160 2214 1267 2302 capite
1290 2237 1357 2279 am·

309 2323 427 2406 putato
458 2317 630 2382 aurifrisiis
661 2306 821 2382 decenter
835 2322 960 2394 ornato,
991 2316 1073 2380 illud
1105 2338 1202 2403 super
1228 2316 1357 2382 hastam

310 2420 464 2500 clevavit,
501 2419 628 2485 cunctis
661 2418 939 2505 proclamantibus
969 2419 1076 2505 ipsum
1114 2423 1214 2506 caput
1246 2420 1358 2485 David

307 2522 393 2610 regis
417 2520 605 2587 Scottorum
628 2520 766 2586 affuisse.
814 2519 886 2600 Quo
920 2521 1026 2586 nostri
1056 2520 1189 2608 Anglici
1220 2523 1358 2587 animati

309 2628 345 2690 et
361 2623 468 2689 Scotti
491 2622 666 2699 debilitati,
682 2622 794 2687 David
816 2645 889 2689 cum
913 2624 981 2688 suis
1003 2623 1159 2709 fugiente,
1176 2625 1275 2689 finem
1291 2647 1358 2689 cer-

310 2727 428 2790 tamini
457 2724 661 2790 adhibebant
692 2725 808 2802 Scotti‚
839 2731 950 2790 tamen
988 2725 1151 2813 fugientes
1183 2748 1203 2791 a
1235 2727 1357 2792 nostris
1485 2772 1489 2780 ·

306 2829 429 2894 acriter
451 2828 587 2892 fuerunt
613 2826 762 2893 insecuti.
811 2826 851 2892 In
875 2828 1146 2913 quibus'acicbus
1170 2828 1357 2895 Scottorum

310 2931 519 3018 praescriptus
566 2929 732 2996 Hearicus
764 2929 852 2995 filius
875 2930 987 2996 David
1019 2931 1104 3018 regis
1134 2931 1223 2996 inter
1245 2953 1356 2998 omncs

311 3033 444 3099 Scottus
459 3032 588 3097 virilius
611 3054 644 3098 se
667 3031 855 3098 exhibebat.
895 3032 995 3099 Multi
1018 3032 1150 3119 quidem
1166 3033 1357 3100 Scottorum

312 3136 348 3200 in
380 3134 492 3200 eodem
524 3135 680 3200 conflictu
712 3134 808 3200 occisi
841 3133 985 3212 fuerunt,
1010 3141 1107 3200 extra
1138 3135 1216 3201 eos⁸
1239 3135 1297 3222 qui
1319 3136 1356 3199 in

313 3236 392 3325 fuga
414 3238 449 3300 in
472 3236 640 3323 segetibus
673 3241 708 3302 et
739 3237 832 3301 silvis
865 3237 995 3302 inventi
1025 3241 1105 3301 sunt
1128 3240 1162 3302 et
1184 3237 1356 3324 perempti.

313 3338 412 3404 Unus
435 3345 566 3404 tantum
586 3361 629 3404 ex
651 3339 803 3404 omnibus
825 3339 947 3404 nostris
968 3339 1137 3425 equitibus
1158 3346 1209 3404 est
1228 3341 1357 3406 occisus.

313 3440 417 3526 Cujus
454 3447 592 3506 eventus
629 3441 707 3506 belli
756 3463 830 3507 cum
868 3442 937 3529 regi
975 3441 1143 3527 Stephano
1182 3442 1358 3507 nuntiatus

312 3542 437 3618 luisset,
475 3543 543 3629 ipse
589 3548 622 3607 et
668 3564 779 3608 omnes
817 3544 875 3629 qui
919 3542 1057 3609 aderant
1095 3565 1238 3609 summas
1289 3543 1359 3610 Deo

310 3644 437 3731 gratias
460 3644 679 3711 exsolverunt.

512 3976 519 4005 ¹
534 3971 649 4039 pectora]
668 3987 766 4037 peoora,
777 3972 834 4023 MS.

511 4056 522 4086 ²
535 4051 698 4119 persuadent
708 4049 848 4117 immobiles]
868 4051 923 4103 The
935 4053 1128 4120 maingotus
1141 4054 1197 4106 MS.

514 4137 524 4166 ⁸
539 4133 591 4200 cos]
610 4147 697 4185 eorum
708 4133 735 4182 in
746 4130 802 4182 MS.
