3232 5692
521 808 660 863 'mom
681 806 790 861 annas
812 806 963 860 nmmos
1203 790 1267 856 285

552 1551 955 1634 APPENDIX.

288 1934 381 2007 Cujus
412 1935 530 2008 qnidam
560 1935 673 1992 abbatis
703 1940 844 2005 tempore,
876 1929 1012 1988 Urbanus
1041 1949 1116 2005 papa
1145 1933 1172 1999 3,
1205 1931 1276 1989 Gro·
1288 1933 1355 1986 AD.
1369 1938 1433 1984 1183

232 2019 333 2090 gorius
364 2036 439 2091 papa
467 2020 496 2087 8,
528 2019 664 2075 Clemens
693 2037 770 2090 papa
803 2020 829 2083 3,
859 2016 1036 2072 Coelestinns
1065 2034 1141 2089 papa
1169 2019 1275 2074 tertius
1287 2006 1377 2092 ΛΨ·

231 2105 330 2160 sedcm
349 2104 537 2177 apostolicam
555 2105 765 2175 gubernarunt.
803 2102 896 2175 Cujus
914 2107 1053 2174 ternpore,
1072 2120 1146 2158 nnnc
1158 2102 1275 2159 Domini
1287 2080 1352 2197 {vaf
1362 2094 1389 2197 ἑξ

232 2189 311 2253 1183,
331 2189 441 2244 laetum
468 2189 525 2243 fnit
547 2188 658 2244 bollum
682 2186 895 2258 permaximum
920 2186 951 2240 in
968 2187 1060 2240 'l'erra
1078 2186 1193 2251 Sancta,
1213 2187 1274 2252 ubi,
1335 2162 1361 2197 θ’
1383 2162 1422 2196 Μ’

231 2271 394 2342 proditione
420 2271 573 2343 enjusdam
598 2271 714 2326 comitis
737 2269 922 2341 Tripolitani,
942 2268 1102 2341 Templarii
1120 2276 1151 2326 et
1168 2270 1276 2343 Hospi-

230 2354 329 2410 talarii
347 2373 415 2411 cum
432 2362 495 2411 tote
517 2355 647 2411 exercitu
666 2352 900 2409 Christianorum
924 2352 995 2408 victi
1013 2358 1083 2409 sunt
1099 2359 1130 2410 et
1146 2353 1236 2409 occisi
1260 2371 1278 2409 a

233 2437 380 2504 Saladino,
400 2439 452 2510 qni
469 2455 563 2509 regna
579 2436 710 2493 Arabum
736 2441 767 2492 et
789 2436 1010 2491 Babiloniorum
1036 2436 1229 2508 conquisivit;
1248 2444 1279 2493 ct

232 2527 333 2576 sancta
358 2539 429 2577 cmx
448 2521 567 2576 Domini
593 2526 677 2590 capta
703 2519 762 2574 luit
785 2519 818 2573 in
842 2518 944 2573 eodem
971 2519 1057 2575 bello.
1094 2519 1180 2576 Unde
1206 2537 1278 2592 ergo

232 2604 357 2674 contigit
375 2604 453 2676 quod
466 2602 656 2674 lerosolyma,
669 2600 860 2657 'l'holomaida
878 2618 944 2671 quie
961 2609 1008 2657 est
1023 2602 1111 2668 Aera,
1123 2603 1277 2668 Ascalone,

233 2687 357 2759 Joppen,
387 2687 526 2753 (lanaria,
548 2686 678 2750 Sidonia,
697 2684 857 2749 Nazareth,
877 2685 1027 2757 Neapolis,
1055 2687 1221 2754 liberiada,
1249 2695 1280 2746 et

232 2772 355 2843 reliquae
373 2771 509 2827 civitates
528 2776 558 2826 ct
576 2768 697 2825 castella
714 2769 805 2825 totius
825 2768 946 2835 Judaeae,
966 2769 1123 2826 abeodem
1142 2771 1279 2827 Saladino

231 2862 316 2927 capta
342 2861 419 2920 sunt,
447 2859 556 2926 proter
573 2854 687 2918 Tirum,
712 2852 856 2924 Tripolim
881 2858 911 2908 et
936 2853 1133 2920 Antiochiam,
1162 2861 1192 2912 ot
1217 2856 1278 2911 sore

231 2945 293 2995 tota
319 2938 525 2994 christianitas
551 2937 582 2992 in
612 2937 673 2992 illis
700 2936 833 3007 partibus
860 2941 906 2992 eat
934 2937 1039 2995 deleta.
1085 2938 1173 2995 Circa
1201 2940 1279 3010 qnod
1291 2943 1432 3009 Fclipseot

230 3029 347 3093 tempus
366 3021 409 3077 sol
437 3021 609 3077 obscuratus
636 3025 683 3075 est
708 3037 813 3091 parum
839 3026 905 3074 ante
923 3020 1025 3075 horam
1047 3038 1162 3088 nonam,
1181 3028 1212 3078 et
1228 3011 1401 3079 diuitem.

231 3113 298 3177 post
314 3122 420 3161 nonam
438 3105 469 3160 in
487 3103 589 3160 ecdem
614 3109 693 3158 statu
717 3103 888 3174 permansit.
926 3102 965 3158 Et
987 3103 1066 3159 inira
1082 3105 1171 3161 breve
1190 3106 1279 3163 Jesus

231 3189 368 3245 Christus
386 3187 545 3244 visibiliter
563 3187 701 3258 apparuit
719 3187 751 3245 'm
769 3202 835 3242 aere
854 3203 942 3242 cruce
959 3186 1088 3257 pendens
1106 3190 1185 3260 apud
1199 3189 1280 3246 Dun-

232 3272 378 3345 stapulam
395 3273 426 3326 in
444 3270 564 3341 Anglia,
584 3268 752 3325 videntibus
770 3269 882 3325 multis.

267 3356 382 3420 Postea,
407 3354 544 3409 Eraclins
574 3352 742 3426 patriarcha
765 3352 1035 3419 Iercsolomitanus,
1066 3354 1176 3428 ubique
1205 3374 1279 3430 prm·
1291 3353 1433 3419 Pmehlng

232 3440 344 3504 dicans,
364 3438 555 3495 Etederieum
578 3438 797 3508 imperatorem,
822 3435 993 3507 Philippum
1016 3454 1118 3509 regem
1136 3439 1279 3506 Francia,
1292 3422 1413 3537 ἔζη·

232 3524 397 3579 Henrienm
430 3539 532 3593 regem
562 3519 681 3592 Anglim
711 3526 742 3575 at
771 3519 854 3586 alios,
882 3519 919 3574 ad
950 3520 1151 3577 liberationem
1181 3524 1281 3581 Terroe
1355 3524 1362 3538 ’

236 3608 351 3663 Sanctae
369 3606 550 3678 provocavit.
587 3604 765 3660 Frederious
790 3619 861 3675 ergo
888 3603 1046 3674 imperator
1068 3605 1140 3662 illuc
1157 3609 1281 3665 tendens

232 3692 381 3748 sultanum
398 3690 435 3746 de
446 3689 560 3745 Yconio
578 3688 616 3743 ad
634 3687 722 3743 fidem
739 3686 912 3743 catholicam
930 3704 997 3742 enm
1014 3689 1167 3747 innumera
1184 3693 1281 3764 gentis

233 3794 294 3832 snae
320 3774 509 3831 multitudine
536 3773 691 3837 convertit,
711 3776 826 3843 etpost
843 3771 1024 3826 innumeram
1043 3777 1174 3847 stragem
1191 3794 1281 3850 paga.

232 3877 337 3915 norum
355 3865 385 3914 et
402 3858 554 3913 civitatum
571 3856 736 3927 captionem
760 3859 853 3910 morte
876 3855 1024 3927 inopinata
1041 3867 1206 3929 praeventus
1224 3869 1279 3918 cat.

233 3944 326 4014 Cujus
345 3942 425 3997 filins
443 3942 474 3996 in
492 3940 653 3996 obsidendo
670 3938 891 3995 'l'holomaidam
908 3939 1063 3996 defunctus
1081 3949 1142 4011 cst;
1162 3950 1281 4018 totaque

232 4027 369 4084 nobilitas
386 4025 531 4082 exereitus
549 4024 614 4095 ejns
633 4023 742 4079 ibidem
761 4022 886 4078 obiebat.
917 4022 1016 4095 Rogas
1034 4034 1132 4083 antem
1149 4029 1282 4086 Francia>

232 4118 264 4167 et
291 4109 419 4181 Anglioe,
446 4126 514 4164 enm
539 4107 607 4163 aliis
637 4107 749 4172 multis,
776 4123 863 4163 emec
888 4106 997 4179 signati
1022 4108 1223 4168 Ioroeolimam
1250 4131 1281 4170 ac

232 4198 399 4267 proeparant
424 4189 580 4264 proficisci.
626 4190 667 4246 Et
693 4206 761 4245 cum
787 4189 846 4260 ipsi
873 4190 1087 4261 possessionem
1111 4201 1172 4251 tam
1197 4197 1283 4253 cleri·

233 4297 335 4335 corum
362 4293 450 4349 qnam
475 4275 617 4331 laicorum
646 4273 776 4329 violenta
805 4291 893 4329 mann
924 4273 1120 4334 decimassent
1148 4280 1186 4336 ad
1215 4299 1283 4338 eon·

234 4362 391 4420 ficiendnm
409 4361 465 4416 iter
483 4376 579 4424 snum,
593 4359 676 4430 J'nsto
688 4357 743 4413 Dei
758 4355 872 4429 jndicio
890 4357 941 4429 qui
959 4359 1026 4415 odio
1043 4360 1132 4418 habet
1149 4366 1281 4436 rapinam

269 4629 275 4658 ¹
294 4627 357 4678 Part
381 4626 412 4676 of
429 4624 540 4690 Chapter
561 4624 623 4677 VII.
647 4625 678 4677 os
696 4625 739 4677 the
757 4625 870 4692 Egerica
887 4623 945 4679 Ma
979 4627 1027 4681 Sea
1040 4631 1127 4692 abore,
1145 4647 1211 4700 page
1225 4639 1281 4699 134,

235 4714 293 4760 note
305 4711 329 4759 7.
971 4738 977 4749 ·
