3232 5692
543 784 680 832 ruoms
703 784 811 834 nuans
834 788 987 836 raucius.
1224 777 1287 839 245

145 1126 150 1143 ·
242 1104 320 1170 CAP.
352 1107 434 1172 XII.
479 1107 528 1174 De
569 1107 814 1174 consecratione
853 1105 1008 1192 Galfridi
1039 1105 1372 1192 arcla'cpiecopitaa.

330 1209 571 1288 Eboraccmeis;
602 1209 641 1274 dc
671 1209 927 1295 desponsatione
956 1208 1135 1274 Jolraonie
1158 1209 1287 1293 fratris

330 1311 427 1394 reaia,
455 1319 484 1376 ct
511 1311 609 1376 terrie
640 1311 672 1377 ci
703 1311 793 1376 arca
805 1337 817 1386 ;
852 1311 891 1375 <lc
919 1310 1075 1395 homaqio
1107 1310 1286 1376 Willictmi

330 1412 419 1496 reaia
448 1413 566 1480 Scorto
577 1439 590 1492 ,·
620 1422 649 1480 et
672 1414 711 1478 de
738 1413 888 1498 pecunia
915 1435 978 1499 per
1009 1433 1117 1496 reyem
1150 1412 1284 1477 collecta

329 1514 376 1579 ad
395 1515 639 1599 profectionem
660 1538 762 1581 cuam
784 1538 897 1580 uersus
923 1515 1060 1580 Terram
1083 1515 1256 1580 Sanctam.

284 1695 367 1759 Pace
413 1702 524 1760 tamen
571 1704 736 1782 utcunque
785 1695 913 1761 Judaeis
958 1695 1046 1772 data,
1091 1694 1179 1758 illico
1225 1715 1284 1758 rex
1299 1716 1367 1766 Aa).
1382 1701 1450 1769 nsi,

242 1795 401 1860 Ricardus
438 1799 530 1884 regni
564 1799 646 1863 solio
680 1799 887 1874 sublimatus
919 1797 1117 1862 vacantibus
1147 1796 1281 1861 sedibus
1297 1798 1426 1850 Electiono

240 1896 469 1976 Londouieusi,
492 1901 722 1977 Wintoniensi,
743 1900 971 1965 Sarisbiriensi
993 1905 1028 1963 et
1051 1899 1185 1974 Eliensi,
1203 1919 1283 1983 quo·
1297 1873 1426 1999 ffifflm

239 2021 311 2064 rum
344 2001 471 2066 fructus
493 2008 527 2067 et
558 2004 780 2068 emolumenta
813 2025 871 2066 rex
895 2002 1058 2066 Henricus
1087 2007 1183 2087 pater
1205 2021 1284 2064 suus
1298 1999 1354 2050 ries.

239 2109 419 2189 exceperat,
450 2105 529 2189 ipsis
560 2106 693 2170 sedibus
723 2106 799 2192 eligi
822 2105 899 2169 lecit
931 2108 1085 2191 patronos
1117 2103 1284 2189 gloriosae.

240 2203 290 2268 Dc
312 2206 432 2290 quibus
465 2228 551 2270 unus
584 2207 653 2272 sedi
679 2208 811 2283 Elieusi,
833 2208 918 2293 regis
952 2205 1174 2281 cancellariae,
1199 2204 1283 2267 Wil-
1298 2209 1413 2263 William

239 2306 367 2372 lielmus
399 2308 439 2372 de
463 2309 689 2395 Longocampo
711 2295 791 2373 fuit¹
811 2309 1082 2394 cognominatum
1115 2307 1156 2372 de
1190 2307 1282 2390 cujus
1296 2276 1395 2410 {ffip'

238 2408 366 2474 actibus
388 2411 548 2496 perversis
571 2411 839 2494 insequentibus
863 2410 1028 2475 referetur.
1068 2409 1146 2473 Sedi
1169 2415 1283 2474 autem
1296 2409 1427 2475 buhopor

239 2507 437 2575 Eboracensi
468 2519 549 2576 tuuc
583 2511 714 2576 vacanti
746 2512 922 2588 Galfridus,
949 2512 1030 2575 dicti
1063 2511 1150 2596 regis
1172 2510 1282 2586 frater,
1297 2477 1357 2542 Ely.

237 2609 325 2674 filius
357 2612 494 2677 Henrici
526 2614 621 2699 regis,
655 2634 722 2677 non
754 2612 888 2698 quidem
922 2635 964 2677 ex
995 2613 1151 2677 Alienum
1182 2634 1283 2676 uxore
1297 2612 1426 2704 Geonrey:

238 2735 297 2777 sua
330 2715 386 2778 sed
418 2716 603 2792 bastardus,
632 2722 712 2780 tunc
744 2716 865 2780 electus
898 2715 969 2780 fuit
1018 2716 1083 2780 Sed
1117 2716 1207 2800 prius
1241 2681 1434 2808 αάζξζὲζῗε

237 2816 461 2902 episcopatum
495 2818 731 2883 Liucolniensis
761 2818 903 2883 ecclesiae
933 2817 1055 2883 electus
1084 2817 1157 2882 fuit.
1217 2817 1284 2897 Qui
1296 2815 1446 2882 archbirhop

237 2924 350 2982 tamen
372 2921 413 2983 de
443 2920 616 2985 voluntate
643 2921 746 3007 patris
777 2921 829 2984 sui
854 2920 1090 2985 consecrandus
1124 2919 1283 3006 archiepi-
1296 2881 1412 2934 onorlc

237 3041 351 3105 scopus
374 3023 597 3108 episcopatum
625 3023 810 3107 dereliquit.
858 3022 905 3087 Et
925 3044 967 3087 ue
998 3022 1041 3085 ad
1063 3022 1148 3086 hanc
1170 3022 1281 3086 sedem

238 3122 289 3186 vel
312 3122 410 3187 aliam
439 3130 548 3210 posset
578 3125 756 3188 consecrari
787 3125 897 3188 dictus
920 3123 1116 3187 Willielmus
1140 3124 1281 3188 Eliensis

236 3224 411 3310 episcopus,
428 3227 513 3312 regis
535 3225 755 3300 cancellariae,
771 3226 801 3290 ei
824 3225 1061 3311 impedimenta
1083 3225 1280 3311 porrigebat.

237 3324 371 3389 Electus
394 3333 504 3391 autem
528 3328 571 3390 ad
595 3329 704 3392 sedem
728 3328 965 3392 Eboracensem
988 3327 1096 3391 dictus
1112 3326 1281 3392 Gallridus

235 3449 256 3490 a
288 3427 494 3514 suffraganeo
531 3452 589 3493 suo
622 3430 644 3493 J
648 3430 776 3493 ohanne
811 3430 960 3515 episcopo
993 3427 1152 3494 Candidae
1187 3428 1280 3495 Casae

236 3528 407 3592 ordinatus
430 3537 480 3594 cst
502 3531 538 3594 in
565 3531 802 3617 presbyterum.
848 3531 948 3606 Tunc,
970 3552 1008 3594 eo
1032 3551 1090 3615 pro
1113 3551 1279 3595 cousecra-

235 3629 324 3693 tionc
347 3651 407 3694 sua
430 3630 613 3697 Romanam
639 3632 762 3697 curiam
785 3632 935 3710 adeunte,
959 3631 1129 3696 «lohannes
1152 3631 1278 3718 legatus

235 3730 359 3794 domini
385 3755 479 3819 papae
510 3757 602 3799 suam
625 3735 817 3800 electionem
844 3733 1058 3798 confirmavit.
1106 3734 1277 3820 Archiepi-

234 3854 411 3918 scopusque
452 3835 649 3900 Turonensis
692 3858 734 3901 ex
780 3837 937 3900 mandato
974 3858 1068 3923 papae
1107 3835 1278 3901 Caelestini

234 3936 340 4021 ipsum
357 3936 544 4002 Turonibus
567 3939 776 4003 consecravit.
808 3939 987 4023 Abbasque
1002 3939 1134 4024 majoris
1149 3960 1278 4005 monas·

233 4038 309 4102 terii
343 4037 456 4104 Sancti
480 4041 618 4105 Martini
652 4041 788 4126 pallium
821 4042 851 4105 ei
886 4041 1033 4106 deferens
1063 4043 1170 4107 solitis
1200 4064 1277 4108 con-

233 4139 415 4206 ditionibus
438 4165 512 4207 cum
535 4143 702 4222 involvit3
724 4143 856 4223 scilicet,
877 4143 964 4228 quod
986 4144 1113 4230 legatos
1136 4145 1278 4211 ccclesiae

234 4244 392 4308 Romauae
429 4267 502 4309 cum
542 4246 751 4311 veneratione
788 4247 975 4332 susciperet,
1009 4248 1097 4332 quod
1130 4248 1278 4313 differret

233 4346 514 4431 appellationibus,
532 4353 565 4411 et
588 4349 738 4412 visitaret
753 4349 920 4413 ecclesiam
937 4349 1117 4415 Romanam
1140 4351 1278 4437 singulis

234 4449 336 4514 ternis
357 4449 463 4525 annis,
486 4471 544 4535 per
566 4472 600 4514 se
630 4450 684 4514 vel
707 4473 765 4536 per
788 4450 956 4537 proprium
980 4453 1144 4518 nuntium.
1191 4454 1277 4519 Con·

232 4558 376 4619 secratus
399 4573 476 4639 ergo
506 4552 635 4616 rediens
669 4553 705 4617 iu
728 4553 885 4640 Angliam
910 4577 968 4640 per
990 4555 1117 4619 dictum
1139 4556 1278 4621 Williel·

231 4679 324 4720 mum
362 4653 526 4720 Elicnsem
563 4656 599 4719 in
640 4676 799 4721 carcerem
836 4656 1044 4732 trudebatur,
1080 4662 1120 4722 ut
1164 4663 1278 4744 postca
