3232 5692
479 809 651 861 arciacus
672 807 781 859 raras
802 810 983 871 summus„
1181 796 1246 860 429

204 1009 295 1053 acras
313 992 419 1068 tense,
435 1008 509 1052 cum
531 986 633 1052 libero
655 987 796 1052 introitu
811 992 846 1053 et
860 989 955 1054 exitu
973 1008 1029 1072 per
1043 986 1247 1052 territorium
1259 1003 1328 1055 Am,
1340 1009 1401 1055 uer

204 1092 256 1158 de'
269 1091 410 1179 Hogate,
431 1095 467 1157 et
487 1112 583 1156 usum
605 1110 700 1175 squae
723 1089 764 1154 de
787 1090 919 1176 Hogate
941 1090 983 1155 sd
1004 1090 1116 1156 averia
1136 1076 1349 1155 nostra·¹²³⁵·

204 1194 245 1260 de
286 1193 562 1271 Blaunohemarle,
603 1193 734 1278 quoties
775 1193 972 1279 indigerent,
1005 1195 1101 1259 nobis
1134 1199 1248 1259 contu-

202 1295 264 1363 lit¹
332 1297 399 1363 Sed
430 1303 465 1362 et
508 1295 590 1360 duos
634 1294 785 1361 sellioues
819 1300 854 1361 et
886 1298 906 1359 2
940 1296 1117 1382 perticatas
1149 1303 1246 1362 terrae

203 1400 326 1466 ibidem
355 1399 507 1472 similiter
536 1398 746 1485 possidemus.
800 1398 845 1463 Et
878 1397 1019 1462 Thomas
1051 1397 1091 1463 de
1123 1397 1384 1474 Ettonaskyrrna.

198 1503 320 1588 junior,
343 1502 384 1567 de
407 1523 472 1588 quo
503 1501 685 1588 praefertur‚
709 1501 891 1567 manerium
914 1523 1010 1565 suum
1032 1502 1073 1565 de
1096 1499 1249 1586 Skyrena

203 1627 278 1670 eum
311 1604 380 1669 suis
413 1603 632 1690 pertinentiis,
665 1607 775 1669 totum
812 1603 967 1669 videlicet
1003 1603 1091 1689 quod
1130 1603 1249 1668 habuit

203 1707 335 1783 ibidem,
357 1711 392 1772 et
414 1705 567 1793 homagia
589 1712 624 1771 et
645 1707 783 1773 servitia
813 1706 854 1772 de
877 1707 985 1772 tribus
1018 1707 1180 1772 carucatis
1214 1711 1249 1771 et

202 1809 347 1896 quinque
368 1808 502 1874 bovatis
525 1815 560 1874 et
581 1810 698 1875 clausis
730 1810 877 1886 diversis,
899 1832 973 1875 oum
996 1810 1117 1875 annuis
1138 1809 1248 1875 reddi-

202 1913 294 1978 tibus
327 1912 543 1993 denariorum,
577 1913 717 1978 duarum
748 1912 905 1978 librarum
938 1913 1052 1978 cimini
1082 1918 1117 1978 et
1148 1914 1248 1978 unius

202 2015 295 2082 librae
317 2015 447 2103 piperis,
468 2023 503 2083 et
524 2021 635 2081 totum
658 2015 832 2082 servitium
862 2016 1040 2082 liberorum
1061 2016 1248 2082 tenentium

114 2162 117 2167 -
203 2117 495 2185 deeodemfeodo
519 2119 692 2184 incedam
714 2119 803 2197 villa,
828 2124 862 2184 et
891 2141 1004 2185 omnes
1034 2119 1182 2184 homines
1211 2118 1248 2182 in

203 2221 317 2286 eadem
339 2222 421 2287 villa
442 2245 510 2288 nou
532 2221 635 2289 libere
658 2227 819 2301 tenentes,
843 2244 917 2287 oum
947 2228 1022 2289 totu
1051 2222 1184 2308 sequela
1213 2225 1248 2286 et

202 2325 329 2391 catallis
350 2325 536 2404 eorundem,
560 2329 595 2391 et
616 2326 865 2391 advocationem
887 2326 1029 2392 eoelesiae
1050 2325 1091 2390 de
1114 2325 1370 2404 Hotonaffit,1¹⁸⁴

171 2505 175 2511 ,
203 2451 276 2496 cum
299 2429 421 2514 capella
442 2429 484 2494 de
500 2427 661 2514 Skyreua,
676 2432 712 2493 et
733 2433 843 2494 totum
858 2428 946 2513 quod
968 2426 1087 2492 habuit
1107 2427 1144 2491 in
1158 2426 1385 2494 villiscrrunce

203 2532 244 2597 de
267 2531 404 2595 Hotona
425 2535 459 2594 et
483 2529 722 2614 Orauueewyk,
736 2551 811 2595 cum
833 2530 969 2595 servitio
984 2551 1037 2594 xv.
1052 2528 1248 2594 bovatarum
1260 2509 1328 2575 '5¹¹’

203 2638 300 2698 terrae
322 2633 358 2695 in
381 2631 604 2716 eisdemque
626 2630 740 2694 omnia
761 2631 899 2695 tenebat
913 2631 954 2696 de
968 2630 1064 2695 uobis
1078 2630 1115 2694 in
1130 2629 1248 2716 capite,

202 2735 297 2799 nobis
319 2718 519 2818 iuepuram²
541 2732 781 2818 eleemosynam
803 2731 998 2798 conferebat.
1051 2732 1251 2798 Procedente

202 2858 281 2903 vero
302 2840 457 2921 tempore,
479 2834 658 2920 aliquantae
681 2840 777 2901 terrae
806 2834 982 2899 liberorum
1004 2834 1191 2899 tenentium
1214 2835 1249 2898 in

204 2939 302 3004 dictis
334 2937 423 3002 villis
457 2936 500 3000 sd
533 2959 651 3001 manus
683 2942 813 3001 nostras
844 2942 923 3002 suut
954 2937 1128 3013 devolutae,
1165 2937 1250 3003 sicut

203 3045 317 3130 postes
338 3039 503 3104 referetur.
556 3038 721 3120 Robertus
743 3042 855 3104 autem
877 3039 967 3104 filius
990 3039 1115 3105 Odurdi
1138 3038 1251 3105 fratris
1261 3057 1384 3124 skyrena.

203 3142 286 3209 dicti
308 3141 442 3207 Thomas
473 3141 565 3205 dedit
598 3141 695 3205 nobis
725 3141 798 3228 ipsa
829 3141 894 3206 duo
925 3142 1012 3208 toste
1033 3165 1108 3228 quae
1142 3145 1250 3210 dictus

203 3245 343 3311 Thomas
365 3249 502 3331 patruus
524 3265 602 3308 suus
624 3244 655 3309 ei
678 3243 872 3310 conferebat
930 3245 1114 3312 Wilielmus
1149 3248 1249 3313 etism

202 3348 289 3415 filius
311 3347 507 3414 Thomaede
531 3348 654 3413 Ettona
684 3347 828 3426 senioris,
850 3348 891 3413 de
922 3349 1091 3435 proedictis
1121 3350 1250 3417 duabus

203 3451 363 3517 carucatis
383 3447 505 3517 terrae⁸
527 3471 608 3535 ques
630 3472 651 3514 a
673 3453 766 3536 patre
797 3471 856 3515 suo
888 3457 1065 3539 acceperat,
1087 3452 1170 3518 duas
1191 3452 1260 3518 bo-'

114 3570 119 3579 ·
202 3560 298 3620 vates
320 3558 355 3619 et
376 3554 458 3619 duas
479 3575 570 3620 acres
592 3557 691 3618 terrae
706 3552 801 3618 uobis
820 3555 1063 3642 imperpetuum
1085 3560 1248 3646 erogabat

205 3657 386 3723 Residuum
408 3679 487 3722 vero
510 3655 696 3721 dictarum⁴
730 3656 870 3722 duarum
902 3665 1129 3726 carucatarum
1152 3668 1250 3728 terrae

203 3766 238 3827 et
260 3765 334 3826 octo
356 3758 515 3824 tortorum
532 3758 681 3824 Johanni
703 3757 772 3823 filio
794 3764 828 3824 et
850 3759 963 3826 heredi
978 3783 1038 3828 suo
1052 3763 1249 3851 dereliquit;

204 3886 278 3951 quse
300 3867 415 3950 postea
436 3861 696 3947 requirebamus,
717 3861 804 3928 sicut
825 3862 862 3927 iu
884 3869 1032 3951 tempore
1054 3888 1113 3931 suo
1135 3867 1250 3933 refere-

141 4044 151 4064 .
203 3973 267 4033 tur.
327 3965 461 4030 Mortuo
484 3985 561 4029 vero
583 3963 731 4029 Johsnui
766 3964 807 4030 dc
839 3966 1011 4054 Herpham
1043 3969 1177 4047 seniore,
1209 3971 1369 4045 deorsus,

203 4090 269 4155 quo
291 4067 487 4154 praedictum
509 4073 568 4147 est,
591 4089 665 4133 cum
688 4067 858 4133 Johannes
887 4069 976 4136 filius
999 4071 1068 4156 ejus
1099 4073 1140 4139 de
1162 4073 1248 4140 dono

203 4193 260 4237 seu
283 4170 442 4258 promisso
464 4170 570 4256 patris
602 4171 652 4234 sui
685 4170 781 4236 uobis
815 4172 1002 4238 satisfecere
1031 4195 1101 4239 non
1131 4182 1248 4262 posset,

203 4296 260 4361 pro
283 4296 321 4340 eo
344 4272 432 4360 quod
456 4272 566 4337 omnia
587 4295 662 4358 quae
684 4274 727 4339 ad
750 4296 825 4340 eum
858 4275 1069 4361 pertinebant
1090 4278 1169 4345 fisco
1190 4281 1248 4347 ad-

237 4560 243 4588 ¹
261 4556 399 4622 mulsit]
424 4557 584 4610 coutulerunt
600 4557 627 4608 iu
645 4558 675 4608 E.
693 4579 700 4618 ;
783 4561 794 4591 ⁸
810 4560 886 4612 After
897 4570 975 4625 urroe,
986 4563 1013 4614 in
1025 4564 1142 4632 skyrena
1153 4569 1247 4622 inani.

203 4638 372 4698 coufembunt,
383 4636 413 4688 P.
750 4641 840 4690 netad
848 4640 877 4690 in
887 4642 917 4694 P.

236 4717 361 4783 ’Μή
379 4716 573 4782 perpetumP.
784 4718 942 4788 ⁴dr'rturuou]
960 4722 1068 4788 illarum,
1078 4726 1109 4777 P.
1238 4756 1241 4761 -
