3232 5692
508 795 649 848 rnouss
669 794 779 851 meas
799 799 977 850 suerrus»
1192 781 1258 857 287

213 975 341 1032 assaltus
359 973 500 1041 introivit,
519 981 550 1030 et
575 974 679 1030 urbem
697 975 784 1046 cepit.
822 974 934 1045 Regem
953 973 1085 1030 Francia
1103 980 1134 1031 et
1153 976 1257 1031 ducem
1270 991 1338 1042 gn,
1353 996 1417 1045 lise

212 1058 341 1117 Austris
366 1059 437 1132 quia
461 1059 575 1116 felicior
604 1058 678 1131 ipsis
708 1062 771 1114 erat
800 1057 837 1114 ad
863 1057 1046 1115 iracundiam
1070 1060 1256 1131 provocavit;
1269 1062 1360 1140 -llta

211 1143 289 1198 unde
314 1143 372 1215 ipsi
399 1142 437 1199 ad
463 1161 516 1200 sua
540 1141 701 1209 redierunt,
721 1141 848 1199 Ricardo
872 1159 944 1214 rege
969 1142 1081 1199 ibidem
1107 1142 1256 1199 derelicto.

212 1227 284 1284 Post
301 1245 427 1299 quorum
443 1245 624 1299 regressum,
644 1225 790 1283 Ricardus
808 1243 860 1282 rex
878 1244 946 1282 oum
964 1225 1105 1284 Saladino
1123 1244 1259 1297 congres-

213 1329 279 1368 sum
305 1329 373 1369 cum
396 1311 571 1369 exercitibus
596 1310 708 1377 habuit,
728 1317 759 1367 et
783 1310 945 1383 praevalens
968 1309 1068 1385 ipsum
1085 1311 1210 1384 fugavit,
1229 1317 1261 1369 et

213 1395 465 1454 christianitatem
500 1395 532 1453 in
560 1395 622 1453 illis
652 1395 786 1467 partibus
823 1401 911 1467 prout
946 1395 1043 1467 potuit
1077 1395 1258 1454 reformavit.

213 1480 335 1537 Interim
360 1499 412 1538 rex
441 1481 573 1538 Francia
599 1480 810 1537 Normauniam
837 1481 1022 1547 devastavit3
1052 1480 1260 1554 Johannesque

213 1565 304 1620 frater
328 1565 423 1637 ipsine
448 1565 569 1622 Ricardi
596 1564 770 1636 dignitatem
796 1565 910 1638 regiam
936 1565 969 1620 in
985 1564 1105 1637 Anglia,
1124 1583 1261 1622 coronam

213 1649 241 1703 ei
259 1649 462 1722 praeripiendo,
475 1648 638 1720 usurpavit.
675 1647 769 1714 Unde,
783 1648 877 1720 captis
894 1648 1009 1720 treugis
1026 1666 1094 1706 cum
1111 1648 1259 1716 Saladino,
1302 1710 1308 1725 ‚

213 1749 316 1788 versus
334 1732 453 1803 propria
469 1731 600 1799 tendens,
613 1731 645 1787 in
655 1730 807 1789 Austriam
824 1732 921 1789 ventis
938 1732 1085 1804 impulsus
1103 1739 1134 1792 et
1149 1732 1260 1789 ibidem
1272 1710 1392 1844 3³59·

213 1815 244 1870 in
261 1815 330 1871 navi
347 1815 475 1881 latitans,
489 1816 559 1872 dum
574 1816 633 1873 cibi
650 1833 704 1888 pro
722 1816 774 1872 illo
791 1817 932 1873 lautiores
950 1818 1130 1884 emebantur,
1143 1822 1260 1874 notetus
1348 1816 1354 1830 '

214 1905 268 1964 est,
297 1905 327 1955 et
351 1899 387 1955 ab
413 1900 579 1957 hominibus
605 1900 689 1956 ducis
712 1898 842 1956 Austriae
869 1900 1079 1973 deprehensus,
1099 1905 1130 1958 ct
1148 1900 1260 1959 catenis

214 1982 318 2040 terreis
335 1983 485 2055 alligatus,
505 1983 617 2040 carceri
636 1983 830 2056 mancipatur.
868 1984 1012 2041 Detentus
1030 1991 1130 2042 autem
1147 1985 1179 2041 in
1196 2003 1262 2042 ous-

214 2067 295 2123 todia
319 2085 387 2124 eum
412 2085 484 2139 rege
502 2066 634 2124 Francia
652 2085 705 2139 per
722 2066 835 2124 medios
853 2068 1039 2128 concordavit
1056 2071 1093 2127 de
1111 2069 1215 2126 dandis
1233 2070 1261 2126 ei
1324 2071 1328 2079 ’

214 2151 322 2223 viginti
339 2152 470 2208 millibus
488 2152 607 2218 marcis,
626 2169 663 2208 ne
691 2158 786 2209 terras
812 2170 880 2210 suas
906 2155 1116 2212 mansmarinas
1142 2154 1262 2210 interim

213 2237 389 2293 devastaret.
427 2236 494 2292 Dux
521 2242 620 2292 autem
638 2235 769 2292 Ausmioe
796 2243 915 2309 captum
942 2238 1103 2295 Ricardum
1129 2238 1261 2300 Hearico

214 2320 384 2392 imperatori
401 2321 557 2386 commisit,
578 2320 629 2391 qui
653 2336 721 2376 cum
739 2320 771 2375 in
788 2320 926 2378 'lhivallis
944 2322 976 2377 in
994 2322 1151 2379 Almannia
1168 2323 1262 2379 incar·

214 2406 334 2461 ceravit.
373 2404 432 2461 Sed
449 2405 568 2461 tandem
580 2403 725 2459 Ricardus
743 2421 804 2469 rex,
818 2411 903 2475 paeto
921 2405 1036 2462 firmato
1054 2425 1121 2463 cum
1132 2406 1263 2462 Henrico

215 2489 390 2560 imperatore
408 2490 445 2544 de
472 2495 589 2544 eentum
615 2487 748 2543 millibus
766 2488 852 2544 libris
877 2488 973 2545 cidem
990 2508 1044 2561 pro
1060 2489 1262 2562 redemptione

215 2591 268 2628 sua
285 2573 443 2641 solvendis,
457 2572 613 2644 dequibus
632 2571 691 2627 dux
702 2570 833 2627 Austriae
851 2572 872 2628 l.
886 2572 981 2629 millia
999 2571 1192 2644 [marcarum]
1209 2591 1262 2645 pro
1275 2566 1295 2615 f·
1306 2565 1373 2620 2⁸&

213 2657 303 2713 tertia
319 2663 402 2729 parte
426 2657 600 2729 perciperet,
620 2654 736 2711 traditis
766 2671 820 2725 pro
846 2654 925 2711 dicta
951 2657 1076 2728 pecunia
1099 2657 1261 2723 obsidibus,
1275 2646 1324 2698 ffil
1335 2654 1428 2700 seium·

214 2741 350 2810 Angliam
368 2740 466 2797 rediit.
503 2740 667 2796 Johaunem
693 2739 814 2795 fratrom
841 2757 927 2795 snum
952 2746 1091 2812 tanquam
1112 2740 1262 2813 ingratum

215 2831 245 2881 et
268 2825 391 2880 infidum
408 2824 521 2896 judicio
539 2840 694 2895 procerum
712 2823 791 2879 omni
809 2824 919 2880 honore
937 2824 1074 2896 privavit,
1095 2831 1125 2882 et
1143 2843 1192 2882 eos
1210 2824 1261 2898 qui

216 2910 243 2965 ei
264 2910 446 2965 adheserant
472 2908 668 2972 exheredavit,
687 2912 776 2979 atque
800 2908 864 2978 jem
882 2908 970 2965 tertio
987 2910 1068 2981 apud
1082 2910 1261 2967 Wintoniam

123 3062 126 3065 Α
216 2994 300 3064 quasi
320 3012 414 3050 novus
432 3010 483 3048 rex
502 2991 662 3048 solenniter
680 2996 835 3047 coronatus
853 2997 908 3049 est
943 2992 1003 3048 Ubi
1014 2993 1193 3051 Willielmue
1211 3011 1263 3050 rex

216 3077 323 3133 Scotiae
352 3077 529 3133 coronationi
559 3074 703 3139 interfuit,
729 3076 777 3130 eui
802 3082 883 3132 certa
910 3076 1046 3133 liberatio
1070 3077 1180 3133 ibidem
1209 3096 1264 3150 pro

216 3161 347 3232 quolibet
372 3161 498 3217 adventu
524 3159 562 3214 ad
588 3158 815 3229 parliamentum
843 3158 924 3230 regis
951 3159 1069 3231 Anglim
1096 3162 1263 3232 specialiter

216 3245 431 3316 assignabatur.
469 3243 542 3299 Post
567 3242 641 3305 haec,
658 3260 711 3297 rex
731 3242 877 3298 Ricardus
904 3245 1021 3299 transiit
1039 3245 1070 3299 in
1088 3245 1261 3313 Francicm3
1275 3236 1392 3317 Mffissft

216 3336 312 3386 castra
324 3336 354 3384 et
365 3328 542 3383 munitiones
562 3327 657 3399 cepit3
677 3327 763 3382 villas
782 3326 935 3398 praedavit,
949 3328 1118 3394 combussit,
1132 3335 1163 3386 et
1174 3331 1263 3386 circa·
1275 3307 1422 3421 inssmm'

215 3415 351 3486 regiones
369 3412 579 3484 depopulabat;
608 3410 837 3482 Philippumque
862 3429 964 3483 regem
982 3412 1113 3470 Franciae
1139 3413 1177 3469 ad
1195 3431 1263 3470 eum
1274 3438 1380 3490 rme,

216 3516 284 3554 eum
316 3496 448 3553 exercitu
483 3501 689 3567 properantem
719 3495 750 3548 in
781 3494 947 3550 Gisoreium
977 3497 1081 3567 fugere
1111 3498 1260 3569 compulit,

216 3589 304 3654 atque
322 3599 390 3636 eum
407 3587 469 3636 tam
480 3580 587 3635 acriter
605 3584 651 3634 est
667 3578 817 3634 insecutus
834 3579 912 3649 quod
929 3579 1022 3650 ipsius
1038 3581 1120 3652 regis
1130 3581 1263 3638 Francia

216 3674 247 3724 et
271 3683 391 3723 suorum
417 3682 500 3735 pons,
527 3680 579 3734 per
606 3679 693 3734 quem
720 3662 751 3717 in
778 3661 945 3718 Gisorcium
970 3663 1158 3732 mansierunt,
1186 3666 1262 3721 inor-

216 3751 315 3808 dinato
342 3748 470 3821 pondere
497 3754 544 3803 est
569 3745 744 3801 confractus.
792 3745 861 3811 Sed,
889 3763 961 3817 rege
990 3747 1122 3804 Fraucioe
1152 3749 1203 3806 vix
1232 3750 1263 3805 in

216 3835 366 3891 civitatem
383 3850 480 3897 evaso,
500 3831 600 3903 plures
626 3846 643 3884 e
662 3829 723 3885 suis
742 3829 836 3885 fracto
854 3835 940 3902 ponte
958 3829 990 3885 in
1008 3848 1084 3903 aqua
1101 3833 1261 3903 perierunt,

216 3924 391 3990 centumque
408 3916 519 3972 milites
537 3920 567 3970 et
585 3913 637 3969 alii
655 3913 801 3968 innumeri
819 3931 871 3984 per
888 3931 992 3985 regem
1009 3914 1168 3972 Ricardum
1186 3919 1264 3989 eapti

217 4005 343 4059 suerunt.
394 4000 462 4065 Sed,
493 3998 639 4055 mediante
670 3997 836 4068 apostolieae
866 3998 945 4054 sedis
974 3998 1080 4069 legato,
1112 4001 1169 4073 ipsi
1206 4001 1264 4056 duo

216 4106 303 4160 reges
327 4087 365 4143 ad
388 4083 572 4141 concordiam
597 4083 717 4138 fuerunt
733 4081 873 4138 revocati.
912 4080 1035 4138 Interim
1054 4083 1174 4154 quidam
1191 4084 1404 4141 Wil-Insorree·

216 4172 335 4227 lielmus
367 4172 558 4241 cognomento
588 4166 624 4222 de
654 4166 757 4237 Longa
786 4167 892 4231 Barba,
923 4165 1080 4223 Londoniis
1111 4169 1263 4235 oriundus,
1276 4152 1369 4202 fi⁰ssi¹¹

217 4256 391 4312 salvatorem
413 4269 576 4325 pauperum
603 4268 636 4306 se
659 4250 821 4316 nominans,
840 4249 997 4306 finiendam
1014 4251 1045 4307 in
1063 4251 1146 4308 brevi
1164 4259 1264 4325 poten·
1277 4220 1390 4270 Imm·

217 4346 281 4396 tum
298 4338 477 4411 proterviam
488 4334 640 4408 granditer
657 4333 823 4401 intonabat;
843 4334 1004 4392 mediocres
1017 4335 1055 4390 ad
1066 4335 1264 4394 immoderate

218 4423 364 4479 libertatis
382 4437 511 4477 amorem
527 4419 721 4484 inflammans,
742 4419 814 4473 adeo
837 4417 980 4488 plurimos
1005 4419 1063 4476 sibi
1082 4421 1213 4479 devinxit
1231 4429 1265 4480 ut

218 4509 262 4563 lii.
281 4507 377 4562 millia
399 4504 614 4561 Londoniarum
634 4502 840 4575 indigenarum
859 4502 896 4558 ad
913 4503 978 4576 ejus
996 4510 1100 4561 nutum
1124 4512 1263 4578 tanquam

219 4591 366 4648 communi
384 4596 553 4645 cunctorum
572 4587 717 4660 provisori
735 4586 978 4658 obtemperarent,
999 4593 1029 4644 et
1053 4606 1153 4645 eorum
1172 4591 1265 4647 fretus

219 4692 340 4733 numero
358 4679 516 4731 conventus
536 4671 669 4743 publicos
687 4669 807 4737 faciens,
827 4675 944 4743 sumpte
961 4670 1090 4729 themate
1115 4673 1158 4730 ita
1184 4691 1265 4731 excr-
