<?xml version="1.0" encoding="UTF-8"?>
<!DOCTYPE html PUBLIC "-//W3C//DTD XHTML 1.0 Transitional//EN"
    "http://www.w3.org/TR/xhtml1/DTD/xhtml1-transitional.dtd">
<html xmlns="http://www.w3.org/1999/xhtml" xml:lang="en" lang="en">
 <head>
  <title>
</title>
<meta http-equiv="Content-Type" content="text/html;charset=utf-8" />
  <meta name='ocr-system' content='tesseract 3.04.00' />
  <meta name='ocr-capabilities' content='ocr_page ocr_carea ocr_par ocr_line ocrx_word'/>
</head>
<body>
  <div class='ocr_page' id='page_1' title='image "./chronicamonaste00thomgoog_0284.png"; bbox 0 0 3232 5692; ppageno 0'>
   <div class='ocr_carea' id='block_1_1' title="bbox 508 812 1289 876">
    <p class='ocr_par' dir='ltr' id='par_1_1' title="bbox 508 812 1289 876">
     <span class='ocr_line' id='line_1_1' title="bbox 508 812 1289 876; baseline 0.006 -6"><span class='ocrx_word' id='word_1_1' title='bbox 508 821 692 874; x_wconf 73' lang='lat' dir='ltr'>amorreus</span> <span class='ocrx_word' id='word_1_2' title='bbox 714 823 822 872; x_wconf 75' lang='lat' dir='ltr'>rasis</span> <span class='ocrx_word' id='word_1_3' title='bbox 844 824 1031 874; x_wconf 76' lang='lat' dir='ltr'>sccundus</span> <span class='ocrx_word' id='word_1_4' title='bbox 1225 812 1289 876; x_wconf 85' lang='grc'>183</span> 
     </span>
    </p>
   </div>
   <div class='ocr_carea' id='block_1_2' title="bbox 248 993 1443 1294">
    <p class='ocr_par' dir='ltr' id='par_1_2' title="bbox 248 993 1443 1294">
     <span class='ocr_line' id='line_1_2' title="bbox 248 993 1443 1082; baseline 0.002 -23"><span class='ocrx_word' id='word_1_5' title='bbox 248 995 284 1059; x_wconf 89' lang='lat' dir='ltr'>in</span> <span class='ocrx_word' id='word_1_6' title='bbox 305 995 462 1082; x_wconf 82' lang='lat' dir='ltr'>Angliam</span> <span class='ocrx_word' id='word_1_7' title='bbox 483 1016 504 1058; x_wconf 89' lang='lat' dir='ltr'>a</span> <span class='ocrx_word' id='word_1_8' title='bbox 526 994 677 1059; x_wconf 81' lang='lat' dir='ltr'>nefandis</span> <span class='ocrx_word' id='word_1_9' title='bbox 699 994 820 1060; x_wconf 88' lang='lat' dir='ltr'>occisus</span> <span class='ocrx_word' id='word_1_10' title='bbox 848 1000 907 1074; x_wconf 89' lang='lat' dir='ltr'>est,</span> <span class='ocrx_word' id='word_1_11' title='bbox 931 1016 1019 1060; x_wconf 89' lang='lat' dir='ltr'>anno</span> <span class='ocrx_word' id='word_1_12' title='bbox 1043 994 1177 1061; x_wconf 88' lang='lat' dir='ltr'><strong>Domini</strong></span> <span class='ocrx_word' id='word_1_13' title='bbox 1194 993 1289 1064; x_wconf 83' lang='lat'>1170.</span> <span class='ocrx_word' id='word_1_14' title='bbox 1302 1004 1443 1062; x_wconf 71' lang='lat' dir='ltr'>nnius</span> 
     </span>
     <span class='ocr_line' id='line_1_3' title="bbox 248 1079 1422 1177; baseline 0.005 -18"><span class='ocrx_word' id='word_1_15' title='bbox 248 1106 307 1160; x_wconf 87' lang='lat' dir='ltr'>Hic</span> <span class='ocrx_word' id='word_1_16' title='bbox 343 1106 431 1161; x_wconf 87' lang='lat' dir='ltr'>etism</span> <span class='ocrx_word' id='word_1_17' title='bbox 461 1105 596 1176; x_wconf 81' lang='lat' dir='ltr'>Rogerus</span> <span class='ocrx_word' id='word_1_18' title='bbox 632 1106 868 1177; x_wconf 72' lang='lat' dir='ltr'><strong>archiepiscopus</strong></span> <span class='ocrx_word' id='word_1_19' title='bbox 905 1105 1106 1169; x_wconf 81' lang='lat' dir='ltr'>Eboraoensis,</span> <span class='ocrx_word' id='word_1_20' title='bbox 1144 1120 1218 1162; x_wconf 88' lang='lat' dir='ltr'>cum</span> <span class='ocrx_word' id='word_1_21' title='bbox 1249 1079 1393 1176; x_wconf 61' lang='lat' dir='ltr'>de-llsl.</span> <span class='ocrx_word' id='word_1_22' title='bbox 1419 1159 1422 1165; x_wconf 78' lang='grc'>,</span> 
     </span>
     <span class='ocr_line' id='line_1_4' title="bbox 248 1162 1443 1294; baseline 0.003 -33"><span class='ocrx_word' id='word_1_23' title='bbox 248 1201 353 1263; x_wconf 90' lang='lat' dir='ltr'>morte</span> <span class='ocrx_word' id='word_1_24' title='bbox 375 1198 477 1284; x_wconf 87' lang='lat' dir='ltr'>ipsius</span> <span class='ocrx_word' id='word_1_25' title='bbox 499 1197 632 1264; x_wconf 82' lang='lat' dir='ltr'>Thomae</span> <span class='ocrx_word' id='word_1_26' title='bbox 663 1206 796 1286; x_wconf 91' lang='lat' dir='ltr'>propter</span> <span class='ocrx_word' id='word_1_27' title='bbox 826 1199 986 1265; x_wconf 86' lang='lat' dir='ltr'>invidiam</span> <span class='ocrx_word' id='word_1_28' title='bbox 1017 1217 1116 1284; x_wconf 89' lang='lat' dir='ltr'>quam</span> <span class='ocrx_word' id='word_1_29' title='bbox 1147 1199 1184 1263; x_wconf 89' lang='lat' dir='ltr'>in</span> <span class='ocrx_word' id='word_1_30' title='bbox 1216 1221 1291 1265; x_wconf 86' lang='lat' dir='ltr'>eum</span> <span class='ocrx_word' id='word_1_31' title='bbox 1303 1162 1443 1294; x_wconf 45' lang='grc' dir='ltr'>ἓξὲξ</span> 
     </span>
    </p>
   </div>
   <div class='ocr_carea' id='block_1_3' title="bbox 247 1297 1430 1388">
    <p class='ocr_par' dir='ltr' id='par_1_3' title="bbox 247 1297 1430 1388">
     <span class='ocr_line' id='line_1_5' title="bbox 247 1297 1430 1388; baseline -0.002 -23"><span class='ocrx_word' id='word_1_32' title='bbox 247 1306 436 1366; x_wconf 87' lang='lat' dir='ltr'>exercuerat</span> <span class='ocrx_word' id='word_1_33' title='bbox 458 1304 627 1388; x_wconf 90' lang='lat' dir='ltr'>suspectus</span> <span class='ocrx_word' id='word_1_34' title='bbox 649 1299 836 1378; x_wconf 78' lang='lat' dir='ltr'>haberetur,</span> <span class='ocrx_word' id='word_1_35' title='bbox 862 1327 961 1366; x_wconf 84' lang='lat' dir='ltr'>coram</span> <span class='ocrx_word' id='word_1_36' title='bbox 989 1351 996 1365; x_wconf 92' lang='lat'><em>.</em></span> <span class='ocrx_word' id='word_1_37' title='bbox 1027 1349 1034 1364; x_wconf 94' lang='lat'>.</span> <span class='ocrx_word' id='word_1_38' title='bbox 1063 1297 1430 1381; x_wconf 64' lang='lat' dir='ltr'>sonemugensiresffloe</span> 
     </span>
    </p>
   </div>
   <div class='ocr_carea' id='block_1_4' title="bbox 1304 1363 1558 1416">
    <p class='ocr_par' dir='ltr' id='par_1_4' title="bbox 1304 1363 1558 1416">
     <span class='ocr_line' id='line_1_6' title="bbox 1304 1363 1558 1416; baseline -0.004 -3"><span class='ocrx_word' id='word_1_39' title='bbox 1304 1370 1330 1413; x_wconf 86' lang='lat' dir='ltr'>to</span> <span class='ocrx_word' id='word_1_40' title='bbox 1341 1363 1460 1416; x_wconf 82' lang='lat' dir='ltr'>Beckst’s</span> <span class='ocrx_word' id='word_1_41' title='bbox 1555 1409 1558 1412; x_wconf 81' lang='grc'><em>,</em></span> 
     </span>
    </p>
   </div>
   <div class='ocr_carea' id='block_1_5' title="bbox 242 1402 1448 4009">
    <p class='ocr_par' dir='ltr' id='par_1_5' title="bbox 246 1402 1448 2080">
     <span class='ocr_line' id='line_1_7' title="bbox 247 1402 1388 1482; baseline -0.001 -25"><span class='ocrx_word' id='word_1_42' title='bbox 247 1403 464 1476; x_wconf 80' lang='lat' dir='ltr'>archiepiscopo</span> <span class='ocrx_word' id='word_1_43' title='bbox 482 1403 519 1458; x_wconf 91' lang='lat' dir='ltr'>de</span> <span class='ocrx_word' id='word_1_44' title='bbox 536 1402 649 1474; x_wconf 90' lang='lat' dir='ltr'>ipsius¹</span> <span class='ocrx_word' id='word_1_45' title='bbox 668 1410 763 1459; x_wconf 89' lang='lat' dir='ltr'>morte</span> <span class='ocrx_word' id='word_1_46' title='bbox 788 1402 947 1459; x_wconf 71' lang='lat' dir='ltr'>solenniter</span> <span class='ocrx_word' id='word_1_47' title='bbox 970 1418 1002 1456; x_wconf 88' lang='lat' dir='ltr'>se</span> <span class='ocrx_word' id='word_1_48' title='bbox 1020 1402 1169 1473; x_wconf 81' lang='lat' dir='ltr'>purgavit.</span> <span class='ocrx_word' id='word_1_49' title='bbox 1207 1402 1292 1457; x_wconf 85' lang='lat' dir='ltr'>Idem</span> <span class='ocrx_word' id='word_1_50' title='bbox 1305 1431 1388 1482; x_wconf 44' lang='lat' dir='ltr'><strong>dagh·</strong></span> 
     </span>
     <span class='ocr_line' id='line_1_8' title="bbox 247 1490 1390 1567; baseline 0 -17"><span class='ocrx_word' id='word_1_51' title='bbox 247 1513 363 1567; x_wconf 87' lang='lat' dir='ltr'>quoque</span> <span class='ocrx_word' id='word_1_52' title='bbox 375 1496 510 1567; x_wconf 79' lang='lat' dir='ltr'>Rogerus</span> <span class='ocrx_word' id='word_1_53' title='bbox 528 1496 650 1551; x_wconf 90' lang='lat' dir='ltr'>chorum</span> <span class='ocrx_word' id='word_1_54' title='bbox 662 1496 837 1552; x_wconf 72' lang='lat' dir='ltr'>cathedralis</span> <span class='ocrx_word' id='word_1_55' title='bbox 851 1495 982 1551; x_wconf 78' lang='lat' dir='ltr'>ecelesia</span> <span class='ocrx_word' id='word_1_56' title='bbox 1000 1507 1068 1551; x_wconf 84' lang='lat' dir='ltr'>suoe</span> <span class='ocrx_word' id='word_1_57' title='bbox 1100 1494 1181 1551; x_wconf 84' lang='lat' dir='ltr'>besti</span> <span class='ocrx_word' id='word_1_58' title='bbox 1195 1490 1290 1551; x_wconf 81' lang='lat' dir='ltr'>Petri&#39;</span> <span class='ocrx_word' id='word_1_59' title='bbox 1304 1507 1365 1559; x_wconf 75' lang='lat' dir='ltr'>nun</span> <span class='ocrx_word' id='word_1_60' title='bbox 1384 1508 1390 1522; x_wconf 90' lang='lat'>·</span> 
     </span>
     <span class='ocr_line' id='line_1_9' title="bbox 246 1578 1448 1659; baseline 0 -17"><span class='ocrx_word' id='word_1_61' title='bbox 246 1587 438 1643; x_wconf 82' lang='lat' dir='ltr'>Eboracensis</span> <span class='ocrx_word' id='word_1_62' title='bbox 456 1606 523 1646; x_wconf 91' lang='lat' dir='ltr'>oum</span> <span class='ocrx_word' id='word_1_63' title='bbox 547 1588 650 1658; x_wconf 78' lang='lat' dir='ltr'>criptis</span> <span class='ocrx_word' id='word_1_64' title='bbox 669 1588 810 1659; x_wconf 90' lang='lat' dir='ltr'>ejusdem,</span> <span class='ocrx_word' id='word_1_65' title='bbox 831 1593 861 1643; x_wconf 89' lang='lat' dir='ltr'>et</span> <span class='ocrx_word' id='word_1_66' title='bbox 885 1587 1027 1659; x_wconf 87' lang='lat' dir='ltr'>palatium</span> <span class='ocrx_word' id='word_1_67' title='bbox 1045 1587 1291 1658; x_wconf 78' lang='lat' dir='ltr'>archiepiscopale</span> <span class='ocrx_word' id='word_1_68' title='bbox 1304 1578 1402 1628; x_wconf 56' lang='lat' dir='ltr'>‘md</span> <span class='ocrx_word' id='word_1_69' title='bbox 1430 1593 1448 1642; x_wconf 75' lang='grc'><strong><em>1</em></strong></span> 
     </span>
     <span class='ocr_line' id='line_1_10' title="bbox 248 1640 1365 1745; baseline 0.004 -22"><span class='ocrx_word' id='word_1_70' title='bbox 248 1672 277 1724; x_wconf 86' lang='lat' dir='ltr'>in</span> <span class='ocrx_word' id='word_1_71' title='bbox 294 1672 437 1737; x_wconf 85' lang='lat' dir='ltr'>Eboraco,</span> <span class='ocrx_word' id='word_1_72' title='bbox 458 1672 536 1742; x_wconf 91' lang='lat' dir='ltr'>quod</span> <span class='ocrx_word' id='word_1_73' title='bbox 554 1678 600 1727; x_wconf 90' lang='lat' dir='ltr'>est</span> <span class='ocrx_word' id='word_1_74' title='bbox 620 1713 626 1726; x_wconf 86' lang='lat'><strong>.</strong></span> <span class='ocrx_word' id='word_1_75' title='bbox 649 1673 758 1744; x_wconf 82' lang='lat' dir='ltr'>.juxta</span> <span class='ocrx_word' id='word_1_76' title='bbox 775 1673 871 1745; x_wconf 82' lang='lat' dir='ltr'>ipsam</span> <span class='ocrx_word' id='word_1_77' title='bbox 888 1672 1051 1736; x_wconf 86' lang='lat' dir='ltr'>ecclesiam,</span> <span class='ocrx_word' id='word_1_78' title='bbox 1071 1671 1107 1726; x_wconf 88' lang='lat' dir='ltr'>dc</span> <span class='ocrx_word' id='word_1_79' title='bbox 1131 1690 1206 1727; x_wconf 83' lang='lat' dir='ltr'>novo</span> <span class='ocrx_word' id='word_1_80' title='bbox 1225 1690 1291 1727; x_wconf 89' lang='lat' dir='ltr'>con·</span> <span class='ocrx_word' id='word_1_81' title='bbox 1304 1640 1365 1692; x_wconf 68' lang='lat' dir='ltr'>hm·</span> 
     </span>
     <span class='ocr_line' id='line_1_11' title="bbox 247 1752 1419 1829; baseline 0 -20"><span class='ocrx_word' id='word_1_82' title='bbox 247 1757 361 1811; x_wconf 81' lang='lat' dir='ltr'>struxit.</span> <span class='ocrx_word' id='word_1_83' title='bbox 400 1755 539 1812; x_wconf 81' lang='lat' dir='ltr'>Condidit</span> <span class='ocrx_word' id='word_1_84' title='bbox 556 1757 645 1811; x_wconf 87' lang='lat' dir='ltr'>etiam</span> <span class='ocrx_word' id='word_1_85' title='bbox 663 1757 837 1812; x_wconf 81' lang='lat' dir='ltr'>ecclesiam²</span> <span class='ocrx_word' id='word_1_86' title='bbox 853 1755 952 1810; x_wconf 86' lang='lat' dir='ltr'>Sancti</span> <span class='ocrx_word' id='word_1_87' title='bbox 966 1755 1100 1828; x_wconf 87' lang='lat' dir='ltr'>Sepulcri</span> <span class='ocrx_word' id='word_1_88' title='bbox 1119 1756 1156 1810; x_wconf 91' lang='lat' dir='ltr'>ad</span> <span class='ocrx_word' id='word_1_89' title='bbox 1170 1757 1291 1827; x_wconf 89' lang='lat' dir='ltr'>januam</span> <span class='ocrx_word' id='word_1_90' title='bbox 1303 1752 1419 1829; x_wconf 48' lang='lat' dir='ltr'>Soanda·</span> 
     </span>
     <span class='ocr_line' id='line_1_12' title="bbox 246 1819 1444 1936; baseline 0.001 -43"><span class='ocrx_word' id='word_1_91' title='bbox 246 1839 339 1909; x_wconf 88' lang='lat' dir='ltr'>ipsius</span> <span class='ocrx_word' id='word_1_92' title='bbox 359 1839 471 1910; x_wconf 87' lang='lat' dir='ltr'>palatii,</span> <span class='ocrx_word' id='word_1_93' title='bbox 491 1846 628 1912; x_wconf 82' lang='lat' dir='ltr'>exparte</span> <span class='ocrx_word' id='word_1_94' title='bbox 653 1840 765 1895; x_wconf 86' lang='lat' dir='ltr'>boreali</span> <span class='ocrx_word' id='word_1_95' title='bbox 790 1840 923 1912; x_wconf 88' lang='lat' dir='ltr'>ejusdem</span> <span class='ocrx_word' id='word_1_96' title='bbox 951 1839 1082 1896; x_wconf 80' lang='lat' dir='ltr'>ecclesius</span> <span class='ocrx_word' id='word_1_97' title='bbox 1100 1840 1179 1893; x_wconf 89' lang='lat' dir='ltr'>beati</span> <span class='ocrx_word' id='word_1_98' title='bbox 1198 1840 1289 1905; x_wconf 87' lang='lat' dir='ltr'>Petri,</span> <span class='ocrx_word' id='word_1_99' title='bbox 1304 1819 1444 1936; x_wconf 52' lang='lat' dir='ltr'>{gnu‘l’sst‘</span> 
     </span>
     <span class='ocr_line' id='line_1_13' title="bbox 246 1900 1393 2002; baseline -0.003 -24"><span class='ocrx_word' id='word_1_100' title='bbox 246 1941 279 1978; x_wconf 88' lang='lat' dir='ltr'>ac</span> <span class='ocrx_word' id='word_1_101' title='bbox 296 1923 391 1996; x_wconf 84' lang='lat' dir='ltr'>ipsam</span> <span class='ocrx_word' id='word_1_102' title='bbox 415 1924 446 1979; x_wconf 90' lang='lat' dir='ltr'>in</span> <span class='ocrx_word' id='word_1_103' title='bbox 463 1925 602 1979; x_wconf 88' lang='lat' dir='ltr'>honorem</span> <span class='ocrx_word' id='word_1_104' title='bbox 620 1925 732 1980; x_wconf 81' lang='lat' dir='ltr'>bestae³</span> <span class='ocrx_word' id='word_1_105' title='bbox 749 1924 854 1982; x_wconf 84' lang='lat' dir='ltr'>Mariae</span> <span class='ocrx_word' id='word_1_106' title='bbox 878 1929 908 1980; x_wconf 92' lang='lat' dir='ltr'>et</span> <span class='ocrx_word' id='word_1_107' title='bbox 926 1930 1092 1980; x_wconf 88' lang='lat' dir='ltr'>sanctornm</span> <span class='ocrx_word' id='word_1_108' title='bbox 1109 1923 1292 1995; x_wconf 79' lang='lat' dir='ltr'>Angelorum</span> <span class='ocrx_word' id='word_1_109' title='bbox 1304 1900 1393 2002; x_wconf 44' lang='lat' dir='ltr'>ehde’s:</span> 
     </span>
     <span class='ocr_line' id='line_1_14' title="bbox 246 2007 1290 2080; baseline 0.003 -20"><span class='ocrx_word' id='word_1_110' title='bbox 246 2007 402 2073; x_wconf 79' lang='lat' dir='ltr'>dedicarit,</span> <span class='ocrx_word' id='word_1_111' title='bbox 421 2026 544 2079; x_wconf 87' lang='lat' dir='ltr'>eamque</span> <span class='ocrx_word' id='word_1_112' title='bbox 562 2009 698 2065; x_wconf 89' lang='lat' dir='ltr'>undecim</span> <span class='ocrx_word' id='word_1_113' title='bbox 717 2009 860 2072; x_wconf 88' lang='lat' dir='ltr'>ecclesiis,</span> <span class='ocrx_word' id='word_1_114' title='bbox 879 2026 1004 2078; x_wconf 89' lang='lat' dir='ltr'>quarum</span> <span class='ocrx_word' id='word_1_115' title='bbox 1024 2007 1153 2079; x_wconf 87' lang='lat' dir='ltr'>quinque</span> <span class='ocrx_word' id='word_1_116' title='bbox 1172 2026 1206 2062; x_wconf 87' lang='lat' dir='ltr'>ex</span> <span class='ocrx_word' id='word_1_117' title='bbox 1225 2026 1290 2080; x_wconf 92' lang='lat' dir='ltr'>pro·</span> 
     </span>
    </p>

    <p class='ocr_par' dir='ltr' id='par_1_6' title="bbox 246 2091 1292 2163">
     <span class='ocr_line' id='line_1_15' title="bbox 246 2091 1292 2163; baseline 0.001 -17"><span class='ocrx_word' id='word_1_118' title='bbox 246 2091 310 2161; x_wconf 88' lang='lat' dir='ltr'>pria</span> <span class='ocrx_word' id='word_1_119' title='bbox 337 2109 390 2147; x_wconf 87' lang='lat' dir='ltr'>sua</span> <span class='ocrx_word' id='word_1_120' title='bbox 416 2092 580 2163; x_wconf 81' lang='lat' dir='ltr'>largitione,</span> <span class='ocrx_word' id='word_1_121' title='bbox 608 2110 659 2147; x_wconf 85' lang='lat' dir='ltr'>sex</span> <span class='ocrx_word' id='word_1_122' title='bbox 685 2110 755 2148; x_wconf 83' lang='lat' dir='ltr'>vero</span> <span class='ocrx_word' id='word_1_123' title='bbox 781 2110 816 2147; x_wconf 80' lang='lat' dir='ltr'>ex</span> <span class='ocrx_word' id='word_1_124' title='bbox 843 2092 996 2147; x_wconf 86' lang='lat' dir='ltr'>collatione</span> <span class='ocrx_word' id='word_1_125' title='bbox 1022 2093 1205 2163; x_wconf 89' lang='lat' dir='ltr'>quorundam</span> <span class='ocrx_word' id='word_1_126' title='bbox 1223 2093 1292 2147; x_wconf 88' lang='lat' dir='ltr'>fide·</span> 
     </span>
    </p>

    <p class='ocr_par' dir='ltr' id='par_1_7' title="bbox 245 2176 1292 2666">
     <span class='ocr_line' id='line_1_16' title="bbox 245 2176 1292 2248; baseline 0.002 -20"><span class='ocrx_word' id='word_1_127' title='bbox 245 2176 318 2230; x_wconf 89' lang='lat' dir='ltr'>lium</span> <span class='ocrx_word' id='word_1_128' title='bbox 331 2193 392 2230; x_wconf 75' lang='lat' dir='ltr'>suae</span> <span class='ocrx_word' id='word_1_129' title='bbox 404 2176 563 2231; x_wconf 87' lang='lat' dir='ltr'>dioeceseos</span> <span class='ocrx_word' id='word_1_130' title='bbox 576 2176 740 2243; x_wconf 82' lang='lat' dir='ltr'>extiterant,</span> <span class='ocrx_word' id='word_1_131' title='bbox 755 2195 827 2247; x_wconf 90' lang='lat' dir='ltr'>quas</span> <span class='ocrx_word' id='word_1_132' title='bbox 840 2177 936 2231; x_wconf 89' lang='lat' dir='ltr'>eidem</span> <span class='ocrx_word' id='word_1_133' title='bbox 954 2176 1074 2248; x_wconf 82' lang='lat' dir='ltr'>capellae</span> <span class='ocrx_word' id='word_1_134' title='bbox 1093 2176 1218 2230; x_wconf 86' lang='lat' dir='ltr'>conferri</span> <span class='ocrx_word' id='word_1_135' title='bbox 1226 2194 1292 2247; x_wconf 90' lang='lat' dir='ltr'>pro·</span> 
     </span>
     <span class='ocr_line' id='line_1_17' title="bbox 245 2257 1292 2330; baseline 0.002 -18"><span class='ocrx_word' id='word_1_136' title='bbox 245 2260 368 2323; x_wconf 75' lang='lat' dir='ltr'>miravit,</span> <span class='ocrx_word' id='word_1_137' title='bbox 391 2257 539 2330; x_wconf 86' lang='lat' dir='ltr'>[dotavit]‚</span> <span class='ocrx_word' id='word_1_138' title='bbox 558 2266 588 2314; x_wconf 89' lang='lat' dir='ltr'>et</span> <span class='ocrx_word' id='word_1_139' title='bbox 606 2259 763 2314; x_wconf 87' lang='lat' dir='ltr'>tresdecim</span> <span class='ocrx_word' id='word_1_140' title='bbox 782 2260 931 2314; x_wconf 88' lang='lat' dir='ltr'>ministros</span> <span class='ocrx_word' id='word_1_141' title='bbox 950 2258 1163 2314; x_wconf 87' lang='lat' dir='ltr'>ecclesiasticos</span> <span class='ocrx_word' id='word_1_142' title='bbox 1182 2258 1292 2314; x_wconf 86' lang='lat' dir='ltr'>diversi</span> 
     </span>
     <span class='ocr_line' id='line_1_18' title="bbox 245 2336 1292 2413; baseline 0.001 -17"><span class='ocrx_word' id='word_1_143' title='bbox 245 2343 354 2398; x_wconf 89' lang='lat' dir='ltr'>ordinis</span> <span class='ocrx_word' id='word_1_144' title='bbox 371 2343 409 2398; x_wconf 91' lang='lat' dir='ltr'>ad</span> <span class='ocrx_word' id='word_1_145' title='bbox 427 2336 651 2399; x_wconf 75' lang='lat' dir='ltr'>celebrationem</span> <span class='ocrx_word' id='word_1_146' title='bbox 669 2342 835 2397; x_wconf 85' lang='lat' dir='ltr'>divinorum</span> <span class='ocrx_word' id='word_1_147' title='bbox 853 2343 885 2397; x_wconf 91' lang='lat' dir='ltr'>in</span> <span class='ocrx_word' id='word_1_148' title='bbox 903 2361 938 2397; x_wconf 88' lang='lat' dir='ltr'>es</span> <span class='ocrx_word' id='word_1_149' title='bbox 956 2348 1112 2413; x_wconf 88' lang='lat' dir='ltr'>perpetuos</span> <span class='ocrx_word' id='word_1_150' title='bbox 1131 2343 1292 2398; x_wconf 88' lang='lat' dir='ltr'>constitnit.</span> 
     </span>
     <span class='ocr_line' id='line_1_19' title="bbox 245 2425 1292 2494; baseline 0 -14"><span class='ocrx_word' id='word_1_151' title='bbox 245 2427 376 2494; x_wconf 80' lang='lat' dir='ltr'>Quorum</span> <span class='ocrx_word' id='word_1_152' title='bbox 393 2428 411 2480; x_wconf 78' lang='lat'><em>4</em></span> <span class='ocrx_word' id='word_1_153' title='bbox 429 2444 493 2481; x_wconf 87' lang='lat' dir='ltr'>csse</span> <span class='ocrx_word' id='word_1_154' title='bbox 513 2427 687 2491; x_wconf 82' lang='lat' dir='ltr'>sacerdotes,</span> <span class='ocrx_word' id='word_1_155' title='bbox 707 2427 725 2479; x_wconf 78' lang='lat'><em>4</em></span> <span class='ocrx_word' id='word_1_156' title='bbox 743 2426 888 2490; x_wconf 88' lang='lat' dir='ltr'>diaconos,</span> <span class='ocrx_word' id='word_1_157' title='bbox 908 2427 926 2478; x_wconf 75' lang='lat'>4</span> <span class='ocrx_word' id='word_1_158' title='bbox 945 2425 1135 2481; x_wconf 90' lang='lat' dir='ltr'>subdiaconos</span> <span class='ocrx_word' id='word_1_159' title='bbox 1154 2431 1184 2482; x_wconf 89' lang='lat' dir='ltr'>et</span> <span class='ocrx_word' id='word_1_160' title='bbox 1201 2444 1292 2480; x_wconf 89' lang='lat' dir='ltr'>unum</span> 
     </span>
     <span class='ocr_line' id='line_1_20' title="bbox 245 2509 1292 2582; baseline -0.001 -15"><span class='ocrx_word' id='word_1_161' title='bbox 245 2511 407 2574; x_wconf 86' lang='lat' dir='ltr'>sacristam,</span> <span class='ocrx_word' id='word_1_162' title='bbox 440 2511 490 2581; x_wconf 92' lang='lat' dir='ltr'>qui</span> <span class='ocrx_word' id='word_1_163' title='bbox 516 2515 657 2582; x_wconf 78' lang='lat' dir='ltr'>praesset</span> <span class='ocrx_word' id='word_1_164' title='bbox 683 2510 816 2580; x_wconf 87' lang='lat' dir='ltr'>reliquis,</span> <span class='ocrx_word' id='word_1_165' title='bbox 844 2509 990 2575; x_wconf 80' lang='lat' dir='ltr'>decrevit3</span> <span class='ocrx_word' id='word_1_166' title='bbox 1029 2527 1117 2580; x_wconf 91' lang='lat' dir='ltr'>quem</span> <span class='ocrx_word' id='word_1_167' title='bbox 1142 2510 1292 2565; x_wconf 83' lang='lat' dir='ltr'>custodem</span> 
     </span>
     <span class='ocr_line' id='line_1_21' title="bbox 246 2593 1292 2666; baseline 0.001 -17"><span class='ocrx_word' id='word_1_168' title='bbox 246 2595 338 2666; x_wconf 86' lang='lat' dir='ltr'>ipsius</span> <span class='ocrx_word' id='word_1_169' title='bbox 356 2594 475 2666; x_wconf 80' lang='lat' dir='ltr'>capellas</span> <span class='ocrx_word' id='word_1_170' title='bbox 493 2600 523 2650; x_wconf 89' lang='lat' dir='ltr'>et</span> <span class='ocrx_word' id='word_1_171' title='bbox 546 2600 765 2665; x_wconf 86' lang='lat' dir='ltr'>procuratorem</span> <span class='ocrx_word' id='word_1_172' title='bbox 782 2594 913 2651; x_wconf 87' lang='lat' dir='ltr'>omnium</span> <span class='ocrx_word' id='word_1_173' title='bbox 935 2599 1130 2664; x_wconf 87' lang='lat' dir='ltr'>proventuum</span> <span class='ocrx_word' id='word_1_174' title='bbox 1148 2593 1292 2650; x_wconf 82' lang='lat' dir='ltr'>dicturum</span> 
     </span>
    </p>

    <p class='ocr_par' dir='ltr' id='par_1_8' title="bbox 247 2677 1292 2749">
     <span class='ocr_line' id='line_1_22' title="bbox 247 2677 1292 2749; baseline 0.001 -16"><span class='ocrx_word' id='word_1_175' title='bbox 247 2680 277 2734; x_wconf 94' lang='lat' dir='ltr'>ll</span> <span class='ocrx_word' id='word_1_176' title='bbox 297 2679 487 2734; x_wconf 83' lang='lat' dir='ltr'>ecclesiarum</span> <span class='ocrx_word' id='word_1_177' title='bbox 505 2678 542 2733; x_wconf 83' lang='lat' dir='ltr'>ad</span> <span class='ocrx_word' id='word_1_178' title='bbox 570 2677 692 2733; x_wconf 87' lang='lat' dir='ltr'>eandem</span> <span class='ocrx_word' id='word_1_179' title='bbox 720 2677 863 2749; x_wconf 88' lang='lat' dir='ltr'>capellam</span> <span class='ocrx_word' id='word_1_180' title='bbox 890 2677 1101 2749; x_wconf 87' lang='lat' dir='ltr'>pertinentium</span> <span class='ocrx_word' id='word_1_181' title='bbox 1125 2677 1292 2734; x_wconf 85' lang='lat' dir='ltr'>ordinavit.⁴</span> 
     </span>
    </p>

    <p class='ocr_par' dir='ltr' id='par_1_9' title="bbox 244 2761 1404 3170">
     <span class='ocr_line' id='line_1_23' title="bbox 244 2761 1404 2835; baseline 0 -17"><span class='ocrx_word' id='word_1_182' title='bbox 244 2763 291 2828; x_wconf 82' lang='lat' dir='ltr'>Et,</span> <span class='ocrx_word' id='word_1_183' title='bbox 311 2781 348 2818; x_wconf 91' lang='lat' dir='ltr'>ne</span> <span class='ocrx_word' id='word_1_184' title='bbox 365 2762 477 2818; x_wconf 88' lang='lat' dir='ltr'>eisdem</span> <span class='ocrx_word' id='word_1_185' title='bbox 494 2763 637 2818; x_wconf 88' lang='lat' dir='ltr'>ministris</span> <span class='ocrx_word' id='word_1_186' title='bbox 655 2768 822 2834; x_wconf 90' lang='lat' dir='ltr'>competens</span> <span class='ocrx_word' id='word_1_187' title='bbox 849 2761 965 2816; x_wconf 87' lang='lat' dir='ltr'>deesset</span> <span class='ocrx_word' id='word_1_188' title='bbox 982 2763 1164 2828; x_wconf 88' lang='lat' dir='ltr'>sustentatio,</span> <span class='ocrx_word' id='word_1_189' title='bbox 1190 2764 1294 2818; x_wconf 89' lang='lat' dir='ltr'>statuit</span> <span class='ocrx_word' id='word_1_190' title='bbox 1399 2823 1404 2835; x_wconf 54' lang='grc'>,</span> 
     </span>
     <span class='ocr_line' id='line_1_24' title="bbox 244 2844 1291 2918; baseline 0 -17"><span class='ocrx_word' id='word_1_191' title='bbox 244 2847 323 2903; x_wconf 90' lang='lat' dir='ltr'>idem</span> <span class='ocrx_word' id='word_1_192' title='bbox 340 2846 575 2918; x_wconf 84' lang='lat' dir='ltr'>archiepiscopus</span> <span class='ocrx_word' id='word_1_193' title='bbox 602 2853 637 2902; x_wconf 92' lang='lat' dir='ltr'>ut</span> <span class='ocrx_word' id='word_1_194' title='bbox 661 2846 864 2916; x_wconf 89' lang='lat' dir='ltr'>unusquisque</span> <span class='ocrx_word' id='word_1_195' title='bbox 883 2844 1028 2900; x_wconf 92' lang='lat' dir='ltr'>dictorum</span> <span class='ocrx_word' id='word_1_196' title='bbox 1054 2847 1291 2918; x_wconf 84' lang='lat' dir='ltr'>presbyterorum</span> 
     </span>
     <span class='ocr_line' id='line_1_25' title="bbox 244 2928 1292 3002; baseline -0.002 -16"><span class='ocrx_word' id='word_1_197' title='bbox 244 2931 345 2988; x_wconf 91' lang='lat' dir='ltr'>decem</span> <span class='ocrx_word' id='word_1_198' title='bbox 368 2948 490 2996; x_wconf 87' lang='lat' dir='ltr'>marcas,</span> <span class='ocrx_word' id='word_1_199' title='bbox 517 2931 641 3001; x_wconf 90' lang='lat' dir='ltr'>quilibet</span> <span class='ocrx_word' id='word_1_200' title='bbox 665 2931 683 2983; x_wconf 78' lang='lat'>4</span> <span class='ocrx_word' id='word_1_201' title='bbox 710 2928 899 2984; x_wconf 87' lang='lat' dir='ltr'>diaconorum</span> <span class='ocrx_word' id='word_1_202' title='bbox 922 2947 947 2983; x_wconf 88' lang='lat' dir='ltr'>o.</span> <span class='ocrx_word' id='word_1_203' title='bbox 974 2928 1092 2996; x_wconf 86' lang='lat' dir='ltr'>solidos,</span> <span class='ocrx_word' id='word_1_204' title='bbox 1112 2936 1142 2985; x_wconf 89' lang='lat' dir='ltr'>et</span> <span class='ocrx_word' id='word_1_205' title='bbox 1166 2930 1292 3002; x_wconf 64' lang='lat' dir='ltr'>singulil</span> 
     </span>
     <span class='ocr_line' id='line_1_26' title="bbox 245 3012 1292 3085; baseline 0 -15"><span class='ocrx_word' id='word_1_206' title='bbox 245 3015 486 3071; x_wconf 88' lang='lat' dir='ltr'>subdiaconorum</span> <span class='ocrx_word' id='word_1_207' title='bbox 505 3034 555 3069; x_wconf 80' lang='lat' dir='ltr'>sex</span> <span class='ocrx_word' id='word_1_208' title='bbox 572 3033 687 3069; x_wconf 89' lang='lat' dir='ltr'>marcas</span> <span class='ocrx_word' id='word_1_209' title='bbox 706 3014 831 3085; x_wconf 83' lang='lat' dir='ltr'>argenti,</span> <span class='ocrx_word' id='word_1_210' title='bbox 852 3012 984 3084; x_wconf 89' lang='lat' dir='ltr'>quolibet</span> <span class='ocrx_word' id='word_1_211' title='bbox 1006 3030 1080 3067; x_wconf 89' lang='lat' dir='ltr'>anno</span> <span class='ocrx_word' id='word_1_212' title='bbox 1104 3031 1156 3084; x_wconf 90' lang='lat' dir='ltr'>per</span> <span class='ocrx_word' id='word_1_213' title='bbox 1174 3033 1292 3070; x_wconf 89' lang='lat' dir='ltr'>manum</span> 
     </span>
     <span class='ocr_line' id='line_1_27' title="bbox 244 3095 1291 3170; baseline -0.001 -16"><span class='ocrx_word' id='word_1_214' title='bbox 244 3101 373 3155; x_wconf 73' lang='lat' dir='ltr'>sacristae</span> <span class='ocrx_word' id='word_1_215' title='bbox 391 3100 562 3170; x_wconf 87' lang='lat' dir='ltr'>perciperet.</span> <span class='ocrx_word' id='word_1_216' title='bbox 599 3097 762 3153; x_wconf 82' lang='lat' dir='ltr'>Residuum</span> <span class='ocrx_word' id='word_1_217' title='bbox 780 3114 851 3151; x_wconf 89' lang='lat' dir='ltr'>vero</span> <span class='ocrx_word' id='word_1_218' title='bbox 872 3095 1079 3167; x_wconf 71' lang='lat' dir='ltr'>predictorum</span> <span class='ocrx_word' id='word_1_219' title='bbox 1098 3104 1291 3168; x_wconf 88' lang='lat' dir='ltr'>proventuum</span> 
     </span>
    </p>

    <p class='ocr_par' dir='ltr' id='par_1_10' title="bbox 245 3180 1291 3338">
     <span class='ocr_line' id='line_1_28' title="bbox 245 3180 1291 3252; baseline -0.001 -14"><span class='ocrx_word' id='word_1_220' title='bbox 245 3185 275 3238; x_wconf 92' lang='lat' dir='ltr'>in</span> <span class='ocrx_word' id='word_1_221' title='bbox 287 3200 373 3238; x_wconf 90' lang='lat' dir='ltr'>usum</span> <span class='ocrx_word' id='word_1_222' title='bbox 391 3183 520 3238; x_wconf 79' lang='lat' dir='ltr'>sacristae</span> <span class='ocrx_word' id='word_1_223' title='bbox 538 3182 669 3236; x_wconf 89' lang='lat' dir='ltr'>converti</span> <span class='ocrx_word' id='word_1_224' title='bbox 682 3181 837 3252; x_wconf 90' lang='lat' dir='ltr'>disposuit.</span> <span class='ocrx_word' id='word_1_225' title='bbox 874 3180 914 3233; x_wconf 85' lang='lat' dir='ltr'>Et</span> <span class='ocrx_word' id='word_1_226' title='bbox 933 3181 1002 3249; x_wconf 90' lang='lat' dir='ltr'>quia</span> <span class='ocrx_word' id='word_1_227' title='bbox 1014 3180 1144 3235; x_wconf 79' lang='lat' dir='ltr'>canonici</span> <span class='ocrx_word' id='word_1_228' title='bbox 1163 3183 1291 3252; x_wconf 84' lang='lat' dir='ltr'>praesatae</span> 
     </span>
     <span class='ocr_line' id='line_1_29' title="bbox 245 3263 1290 3338; baseline -0.004 -14"><span class='ocrx_word' id='word_1_229' title='bbox 245 3268 376 3324; x_wconf 73' lang='lat' dir='ltr'>ecclesia</span> <span class='ocrx_word' id='word_1_230' title='bbox 388 3267 466 3322; x_wconf 85' lang='lat' dir='ltr'>beati</span> <span class='ocrx_word' id='word_1_231' title='bbox 479 3266 561 3321; x_wconf 89' lang='lat' dir='ltr'>Petri</span> <span class='ocrx_word' id='word_1_232' title='bbox 573 3282 662 3338; x_wconf 83' lang='lat' dir='ltr'>super</span> <span class='ocrx_word' id='word_1_233' title='bbox 680 3266 740 3320; x_wconf 91' lang='lat' dir='ltr'>situ</span> <span class='ocrx_word' id='word_1_234' title='bbox 757 3264 843 3320; x_wconf 83' lang='lat' dir='ltr'>dictae</span> <span class='ocrx_word' id='word_1_235' title='bbox 856 3264 985 3334; x_wconf 76' lang='lat' dir='ltr'>capellas,</span> <span class='ocrx_word' id='word_1_236' title='bbox 999 3280 1033 3318; x_wconf 93' lang='lat' dir='ltr'>eo</span> <span class='ocrx_word' id='word_1_237' title='bbox 1052 3263 1129 3334; x_wconf 89' lang='lat' dir='ltr'>quod</span> <span class='ocrx_word' id='word_1_238' title='bbox 1141 3265 1229 3322; x_wconf 89' lang='lat' dir='ltr'>nimis</span> <span class='ocrx_word' id='word_1_239' title='bbox 1242 3265 1290 3320; x_wconf 89' lang='lat' dir='ltr'>ad·</span> 
     </span>
    </p>

    <p class='ocr_par' dir='ltr' id='par_1_11' title="bbox 243 3346 1292 3591">
     <span class='ocr_line' id='line_1_30' title="bbox 244 3346 1292 3421; baseline -0.002 -15"><span class='ocrx_word' id='word_1_240' title='bbox 244 3352 330 3407; x_wconf 82' lang='lat' dir='ltr'>haesit</span> <span class='ocrx_word' id='word_1_241' title='bbox 347 3351 463 3407; x_wconf 88' lang='lat' dir='ltr'>matrici</span> <span class='ocrx_word' id='word_1_242' title='bbox 476 3350 615 3415; x_wconf 80' lang='lat' dir='ltr'>ecclesias,</span> <span class='ocrx_word' id='word_1_243' title='bbox 629 3366 718 3421; x_wconf 87' lang='lat' dir='ltr'>penes</span> <span class='ocrx_word' id='word_1_244' title='bbox 730 3347 981 3419; x_wconf 86' lang='lat' dir='ltr'>archiepiscopum</span> <span class='ocrx_word' id='word_1_245' title='bbox 993 3346 1143 3418; x_wconf 83' lang='lat' dir='ltr'>Bogerum</span> <span class='ocrx_word' id='word_1_246' title='bbox 1162 3350 1292 3420; x_wconf 83' lang='lat' dir='ltr'>graviter</span> 
     </span>
     <span class='ocr_line' id='line_1_31' title="bbox 243 3430 1290 3504; baseline -0.001 -15"><span class='ocrx_word' id='word_1_247' title='bbox 243 3435 473 3498; x_wconf 89' lang='lat' dir='ltr'>murmurabant,</span> <span class='ocrx_word' id='word_1_248' title='bbox 503 3433 606 3489; x_wconf 86' lang='lat' dir='ltr'>statuit</span> <span class='ocrx_word' id='word_1_249' title='bbox 630 3433 693 3504; x_wconf 89' lang='lat' dir='ltr'>ipsc</span> <span class='ocrx_word' id='word_1_250' title='bbox 723 3471 844 3487; x_wconf 85' lang='lat'><strong>.....</strong></span> <span class='ocrx_word' id='word_1_251' title='bbox 870 3448 938 3486; x_wconf 89' lang='lat' dir='ltr'>cnm</span> <span class='ocrx_word' id='word_1_252' title='bbox 963 3430 1089 3501; x_wconf 89' lang='lat' dir='ltr'>capitulo</span> <span class='ocrx_word' id='word_1_253' title='bbox 1114 3431 1290 3488; x_wconf 81' lang='lat' dir='ltr'>Eboracensi</span> 
     </span>
     <span class='ocr_line' id='line_1_32' title="bbox 244 3513 1290 3591; baseline -0.002 -18"><span class='ocrx_word' id='word_1_254' title='bbox 244 3523 414 3591; x_wconf 87' lang='lat' dir='ltr'>perpetuam</span> <span class='ocrx_word' id='word_1_255' title='bbox 439 3517 617 3582; x_wconf 87' lang='lat' dir='ltr'>firmitatem,</span> <span class='ocrx_word' id='word_1_256' title='bbox 645 3522 680 3571; x_wconf 91' lang='lat' dir='ltr'>ut</span> <span class='ocrx_word' id='word_1_257' title='bbox 706 3516 830 3570; x_wconf 85' lang='lat' dir='ltr'>sacrista</span> <span class='ocrx_word' id='word_1_258' title='bbox 860 3513 992 3585; x_wconf 85' lang='lat' dir='ltr'>ejusdem</span> <span class='ocrx_word' id='word_1_259' title='bbox 1019 3514 1138 3585; x_wconf 80' lang='lat' dir='ltr'>capellae</span> <span class='ocrx_word' id='word_1_260' title='bbox 1164 3533 1199 3570; x_wconf 86' lang='lat' dir='ltr'>es</span> <span class='ocrx_word' id='word_1_261' title='bbox 1225 3536 1290 3587; x_wconf 76' lang='lat' dir='ltr'>quse</span> 
     </span>
    </p>

    <p class='ocr_par' dir='ltr' id='par_1_12' title="bbox 242 3596 1290 4009">
     <span class='ocr_line' id='line_1_33' title="bbox 243 3596 1290 3672; baseline -0.003 -14"><span class='ocrx_word' id='word_1_262' title='bbox 243 3603 280 3658; x_wconf 90' lang='lat' dir='ltr'>ad</span> <span class='ocrx_word' id='word_1_263' title='bbox 298 3602 415 3658; x_wconf 86' lang='lat' dir='ltr'>eosdem</span> <span class='ocrx_word' id='word_1_264' title='bbox 439 3603 591 3657; x_wconf 89' lang='lat' dir='ltr'>canonicos</span> <span class='ocrx_word' id='word_1_265' title='bbox 610 3605 743 3672; x_wconf 87' lang='lat' dir='ltr'>spectant</span> <span class='ocrx_word' id='word_1_266' title='bbox 759 3598 790 3653; x_wconf 88' lang='lat' dir='ltr'>iu</span> <span class='ocrx_word' id='word_1_267' title='bbox 815 3599 862 3653; x_wconf 87' lang='lat' dir='ltr'>dio</span> <span class='ocrx_word' id='word_1_268' title='bbox 880 3615 971 3653; x_wconf 82' lang='lat' dir='ltr'>coenas</span> <span class='ocrx_word' id='word_1_269' title='bbox 989 3596 1159 3664; x_wconf 77' lang='lat' dir='ltr'>Dominicis,</span> <span class='ocrx_word' id='word_1_270' title='bbox 1179 3605 1240 3654; x_wconf 86' lang='lat' dir='ltr'>tam</span> <span class='ocrx_word' id='word_1_271' title='bbox 1259 3601 1290 3655; x_wconf 88' lang='lat' dir='ltr'>in</span> 
     </span>
     <span class='ocr_line' id='line_1_34' title="bbox 243 3682 1290 3758; baseline -0.003 -17"><span class='ocrx_word' id='word_1_272' title='bbox 243 3687 338 3758; x_wconf 83' lang='lat' dir='ltr'>epulis</span> <span class='ocrx_word' id='word_1_273' title='bbox 364 3703 452 3756; x_wconf 88' lang='lat' dir='ltr'>quam</span> <span class='ocrx_word' id='word_1_274' title='bbox 477 3686 509 3739; x_wconf 92' lang='lat' dir='ltr'>in</span> <span class='ocrx_word' id='word_1_275' title='bbox 526 3686 594 3739; x_wconf 82' lang='lat' dir='ltr'>vino</span> <span class='ocrx_word' id='word_1_276' title='bbox 619 3690 649 3739; x_wconf 89' lang='lat' dir='ltr'>et</span> <span class='ocrx_word' id='word_1_277' title='bbox 673 3683 806 3746; x_wconf 85' lang='lat' dir='ltr'>cervisia,</span> <span class='ocrx_word' id='word_1_278' title='bbox 826 3687 856 3737; x_wconf 87' lang='lat' dir='ltr'>et</span> <span class='ocrx_word' id='word_1_279' title='bbox 874 3682 963 3746; x_wconf 89' lang='lat' dir='ltr'>vasis,</span> <span class='ocrx_word' id='word_1_280' title='bbox 984 3687 1014 3736; x_wconf 87' lang='lat' dir='ltr'>et</span> <span class='ocrx_word' id='word_1_281' title='bbox 1038 3699 1114 3753; x_wconf 84' lang='lat' dir='ltr'>equa</span> <span class='ocrx_word' id='word_1_282' title='bbox 1140 3682 1234 3738; x_wconf 86' lang='lat' dir='ltr'>calida</span> <span class='ocrx_word' id='word_1_283' title='bbox 1252 3684 1290 3738; x_wconf 87' lang='lat' dir='ltr'>ad</span> 
     </span>
     <span class='ocr_line' id='line_1_35' title="bbox 243 3766 1290 3841; baseline -0.003 -15"><span class='ocrx_word' id='word_1_284' title='bbox 243 3771 422 3826; x_wconf 90' lang='lat' dir='ltr'>ablutionem</span> <span class='ocrx_word' id='word_1_285' title='bbox 451 3769 559 3841; x_wconf 91' lang='lat' dir='ltr'>pedum</span> <span class='ocrx_word' id='word_1_286' title='bbox 592 3769 723 3839; x_wconf 88' lang='lat' dir='ltr'>ipsorum</span> <span class='ocrx_word' id='word_1_287' title='bbox 753 3766 957 3821; x_wconf 87' lang='lat' dir='ltr'>canonicorum</span> <span class='ocrx_word' id='word_1_288' title='bbox 993 3770 1023 3821; x_wconf 88' lang='lat' dir='ltr'>et</span> <span class='ocrx_word' id='word_1_289' title='bbox 1057 3767 1230 3822; x_wconf 88' lang='lat' dir='ltr'>clericorum</span> <span class='ocrx_word' id='word_1_290' title='bbox 1260 3775 1290 3823; x_wconf 92' lang='lat' dir='ltr'>et</span> 
     </span>
     <span class='ocr_line' id='line_1_36' title="bbox 242 3849 1289 3926; baseline -0.003 -16"><span class='ocrx_word' id='word_1_291' title='bbox 242 3871 414 3926; x_wconf 65' lang='lat' dir='ltr'>pauperum</span> <span class='ocrx_word' id='word_1_292' title='bbox 440 3857 471 3908; x_wconf 84' lang='lat' dir='ltr'>et</span> <span class='ocrx_word' id='word_1_293' title='bbox 496 3853 597 3907; x_wconf 92' lang='lat' dir='ltr'>decem</span> <span class='ocrx_word' id='word_1_294' title='bbox 624 3850 733 3907; x_wconf 87' lang='lat' dir='ltr'>solidos</span> <span class='ocrx_word' id='word_1_295' title='bbox 760 3849 894 3921; x_wconf 79' lang='lat' dir='ltr'>argenti⁶</span> <span class='ocrx_word' id='word_1_296' title='bbox 911 3849 1090 3921; x_wconf 85' lang='lat' dir='ltr'>pauperibus</span> <span class='ocrx_word' id='word_1_297' title='bbox 1116 3856 1183 3922; x_wconf 89' lang='lat' dir='ltr'>post</span> <span class='ocrx_word' id='word_1_298' title='bbox 1208 3852 1289 3907; x_wconf 86' lang='lat' dir='ltr'>oblu-</span> 
     </span>
     <span class='ocr_line' id='line_1_37' title="bbox 243 3933 1288 4009; baseline -0.003 -15"><span class='ocrx_word' id='word_1_299' title='bbox 243 3940 350 3994; x_wconf 88' lang='lat' dir='ltr'>tionsm</span> <span class='ocrx_word' id='word_1_300' title='bbox 361 3937 470 4009; x_wconf 89' lang='lat' dir='ltr'>pedum</span> <span class='ocrx_word' id='word_1_301' title='bbox 480 3937 612 4008; x_wconf 89' lang='lat' dir='ltr'>ipsorum</span> <span class='ocrx_word' id='word_1_302' title='bbox 624 3933 848 3998; x_wconf 88' lang='lat' dir='ltr'>distribuendos,</span> <span class='ocrx_word' id='word_1_303' title='bbox 859 3939 889 3988; x_wconf 87' lang='lat' dir='ltr'>et</span> <span class='ocrx_word' id='word_1_304' title='bbox 900 3934 1040 3990; x_wconf 87' lang='lat' dir='ltr'>victualia</span> <span class='ocrx_word' id='word_1_305' title='bbox 1051 3953 1116 4006; x_wconf 84' lang='lat' dir='ltr'>quae</span> <span class='ocrx_word' id='word_1_306' title='bbox 1128 3935 1288 3992; x_wconf 88' lang='lat' dir='ltr'>secundum</span> 
     </span>
    </p>
   </div>
   <div class='ocr_carea' id='block_1_6' title="bbox 243 4017 1288 4092">
    <p class='ocr_par' dir='ltr' id='par_1_13' title="bbox 243 4017 1288 4092">
     <span class='ocr_line' id='line_1_38' title="bbox 243 4017 1288 4092; baseline -0.001 -15"><span class='ocrx_word' id='word_1_307' title='bbox 243 4021 480 4079; x_wconf 87' lang='lat' dir='ltr'>consuetudinem</span> <span class='ocrx_word' id='word_1_308' title='bbox 507 4017 621 4092; x_wconf 86' lang='lat' dir='ltr'>ipsius⁷</span> <span class='ocrx_word' id='word_1_309' title='bbox 639 4018 771 4075; x_wconf 72' lang='lat' dir='ltr'>ecclesias</span> <span class='ocrx_word' id='word_1_310' title='bbox 797 4017 929 4074; x_wconf 87' lang='lat' dir='ltr'>solebant</span> <span class='ocrx_word' id='word_1_311' title='bbox 955 4018 1020 4088; x_wconf 90' lang='lat' dir='ltr'>ipso</span> <span class='ocrx_word' id='word_1_312' title='bbox 1045 4018 1093 4073; x_wconf 89' lang='lat' dir='ltr'>die</span> <span class='ocrx_word' id='word_1_313' title='bbox 1111 4021 1288 4091; x_wconf 88' lang='lat' dir='ltr'>pauperibus</span> 
     </span>
    </p>
   </div>
   <div class='ocr_carea' id='block_1_7' title="bbox 242 4101 1457 4274">
    <p class='ocr_par' dir='ltr' id='par_1_14' title="bbox 242 4101 1457 4274">
     <span class='ocr_line' id='line_1_39' title="bbox 243 4101 1457 4215; baseline -0.002 -52"><span class='ocrx_word' id='word_1_314' title='bbox 243 4112 309 4180; x_wconf 89' lang='lat' dir='ltr'>post</span> <span class='ocrx_word' id='word_1_315' title='bbox 335 4106 512 4162; x_wconf 90' lang='lat' dir='ltr'>ablutionem</span> <span class='ocrx_word' id='word_1_316' title='bbox 536 4104 644 4202; x_wconf 77' lang='lat' dir='ltr'>pedum</span> <span class='ocrx_word' id='word_1_317' title='bbox 681 4101 1046 4199; x_wconf 42' lang='lat' dir='ltr'>ministrari‚·sumptibus</span> <span class='ocrx_word' id='word_1_318' title='bbox 1073 4104 1135 4201; x_wconf 70' lang='lat' dir='ltr'>suis</span> <span class='ocrx_word' id='word_1_319' title='bbox 1161 4105 1287 4202; x_wconf 83' lang='lat' dir='ltr'>prqpriis</span> <span class='ocrx_word' id='word_1_320' title='bbox 1299 4146 1350 4198; x_wconf 48' lang='lat' dir='ltr'>m!</span> <span class='ocrx_word' id='word_1_321' title='bbox 1365 4147 1457 4215; x_wconf 50' lang='lat' dir='ltr'>&#39;polh-</span> 
     </span>
     <span class='ocr_line' id='line_1_40' title="bbox 242 4186 1395 4274; baseline 0.001 -21"><span class='ocrx_word' id='word_1_322' title='bbox 242 4200 395 4255; x_wconf 84' lang='lat' dir='ltr'>inveniret.</span> <span class='ocrx_word' id='word_1_323' title='bbox 436 4189 502 4253; x_wconf 90' lang='lat' dir='ltr'>Hic</span> <span class='ocrx_word' id='word_1_324' title='bbox 523 4188 589 4253; x_wconf 90' lang='lat' dir='ltr'>furt</span> <span class='ocrx_word' id='word_1_325' title='bbox 612 4187 759 4274; x_wconf 83' lang='lat' dir='ltr'>Rogerus</span> <span class='ocrx_word' id='word_1_326' title='bbox 782 4186 1040 4273; x_wconf 81' lang='lat' dir='ltr'>archiepmeopus</span> <span class='ocrx_word' id='word_1_327' title='bbox 1062 4207 1118 4271; x_wconf 83' lang='lat' dir='ltr'>qur</span> <span class='ocrx_word' id='word_1_328' title='bbox 1133 4188 1288 4274; x_wconf 82' lang='lat' dir='ltr'>spoliavit</span> <span class='ocrx_word' id='word_1_329' title='bbox 1299 4214 1353 4264; x_wconf 82' lang='lat' dir='ltr'>tion</span> <span class='ocrx_word' id='word_1_330' title='bbox 1365 4214 1395 4264; x_wconf 77' lang='lat' dir='ltr'>or</span> 
     </span>
    </p>
   </div>
   <div class='ocr_carea' id='block_1_8' title="bbox 247 4372 982 4385">
    <p class='ocr_par' dir='ltr' id='par_1_15' title="bbox 247 4372 982 4385">
     <span class='ocr_line' id='line_1_41' title="bbox 247 4372 982 4385; baseline -0.01 0"><span class='ocrx_word' id='word_1_331' title='bbox 247 4375 456 4385; x_wconf 39' lang='grc' dir='ltr'>..β’-ου·-</span> <span class='ocrx_word' id='word_1_332' title='bbox 471 4372 982 4382; x_wconf 48' lang='grc' dir='ltr'>-ο--ι--ο-μ-.-..-.-.--...-.---.--</span> 
     </span>
    </p>
   </div>
   <div class='ocr_carea' id='block_1_9' title="bbox 275 4477 1207 4787">
    <p class='ocr_par' dir='ltr' id='par_1_16' title="bbox 275 4477 1207 4709">
     <span class='ocr_line' id='line_1_42' title="bbox 277 4477 1191 4550; baseline -0.001 -17"><span class='ocrx_word' id='word_1_333' title='bbox 277 4488 283 4517; x_wconf 85' lang='lat'>¹</span> <span class='ocrx_word' id='word_1_334' title='bbox 303 4485 393 4550; x_wconf 65' lang='grc' dir='ltr'>ἰριὶιω]</span> <span class='ocrx_word' id='word_1_335' title='bbox 416 4482 500 4533; x_wconf 84' lang='lat' dir='ltr'>Sancti</span> <span class='ocrx_word' id='word_1_336' title='bbox 512 4482 626 4542; x_wconf 72' lang='lat' dir='ltr'>Thomas,</span> <span class='ocrx_word' id='word_1_337' title='bbox 637 4481 662 4533; x_wconf 89' lang='lat' dir='ltr'>S.</span> <span class='ocrx_word' id='word_1_338' title='bbox 825 4482 835 4509; x_wconf 77' lang='lat'>³</span> <span class='ocrx_word' id='word_1_339' title='bbox 852 4477 957 4544; x_wconf 73' lang='lat' dir='ltr'>sinpuli]</span> <span class='ocrx_word' id='word_1_340' title='bbox 976 4480 1154 4547; x_wconf 84' lang='lat' dir='ltr'>unusquisque,</span> <span class='ocrx_word' id='word_1_341' title='bbox 1166 4482 1191 4533; x_wconf 88' lang='lat' dir='ltr'>S.</span> 
     </span>
     <span class='ocr_line' id='line_1_43' title="bbox 275 4559 1207 4629; baseline -0.003 -14"><span class='ocrx_word' id='word_1_342' title='bbox 275 4569 285 4596; x_wconf 87' lang='lat'><em>²</em></span> <span class='ocrx_word' id='word_1_343' title='bbox 301 4563 436 4629; x_wconf 62' lang='lat' dir='ltr'>usuum]</span> <span class='ocrx_word' id='word_1_344' title='bbox 455 4563 582 4626; x_wconf 82' lang='lat' dir='ltr'>capellam,</span> <span class='ocrx_word' id='word_1_345' title='bbox 593 4561 619 4611; x_wconf 89' lang='lat' dir='ltr'>S.</span> <span class='ocrx_word' id='word_1_346' title='bbox 822 4560 831 4587; x_wconf 83' lang='lat'>⁸</span> <span class='ocrx_word' id='word_1_347' title='bbox 851 4560 923 4609; x_wconf 70' lang='lat' dir='ltr'>acer</span> <span class='ocrx_word' id='word_1_348' title='bbox 933 4562 1029 4623; x_wconf 74' lang='lat' dir='ltr'>arpenti</span> <span class='ocrx_word' id='word_1_349' title='bbox 1039 4559 1116 4610; x_wconf 87' lang='lat' dir='ltr'>insert</span> <span class='ocrx_word' id='word_1_350' title='bbox 1126 4562 1170 4624; x_wconf 83' lang='lat' dir='ltr'>lx.,</span> <span class='ocrx_word' id='word_1_351' title='bbox 1182 4565 1207 4613; x_wconf 83' lang='lat' dir='ltr'>S.</span> 
     </span>
     <span class='ocr_line' id='line_1_44' title="bbox 277 4638 1112 4709; baseline -0.005 -15"><span class='ocrx_word' id='word_1_352' title='bbox 277 4647 285 4674; x_wconf 83' lang='lat'>²</span> <span class='ocrx_word' id='word_1_353' title='bbox 301 4643 389 4709; x_wconf 75' lang='lat' dir='ltr'>bwtoe]</span> <span class='ocrx_word' id='word_1_354' title='bbox 408 4641 458 4692; x_wconf 80' lang='lat' dir='ltr'>Dei</span> <span class='ocrx_word' id='word_1_355' title='bbox 469 4639 606 4706; x_wconf 81' lang='lat' dir='ltr'>genitricis,</span> <span class='ocrx_word' id='word_1_356' title='bbox 618 4639 644 4690; x_wconf 90' lang='lat' dir='ltr'>S.</span> <span class='ocrx_word' id='word_1_357' title='bbox 823 4641 831 4667; x_wconf 78' lang='lat'>⁷</span> <span class='ocrx_word' id='word_1_358' title='bbox 849 4638 938 4705; x_wconf 72' lang='lat' dir='ltr'>ipsius]</span> <span class='ocrx_word' id='word_1_359' title='bbox 957 4638 1075 4702; x_wconf 80' lang='lat' dir='ltr'>matricis,</span> <span class='ocrx_word' id='word_1_360' title='bbox 1088 4639 1112 4690; x_wconf 89' lang='lat' dir='ltr'>S.</span> 
     </span>
    </p>

    <p class='ocr_par' dir='ltr' id='par_1_17' title="bbox 278 4717 630 4787">
     <span class='ocr_line' id='line_1_45' title="bbox 278 4717 630 4787; baseline -0.011 -14"><span class='ocrx_word' id='word_1_361' title='bbox 278 4724 287 4752; x_wconf 77' lang='lat'><strong>⁴</strong></span> <span class='ocrx_word' id='word_1_362' title='bbox 302 4721 436 4787; x_wconf 80' lang='lat' dir='ltr'>ordinarit]</span> <span class='ocrx_word' id='word_1_363' title='bbox 455 4718 592 4778; x_wconf 84' lang='lat' dir='ltr'>constituit,</span> <span class='ocrx_word' id='word_1_364' title='bbox 603 4717 630 4770; x_wconf 86' lang='lat' dir='ltr'>S.</span> 
     </span>
    </p>
   </div>
   <div class='ocr_carea' id='block_1_10' title="bbox 0 0 1620 5692">
    <p class='ocr_par' dir='ltr' id='par_1_18' title="bbox 0 0 1620 5692">
     <span class='ocr_line' id='line_1_46' title="bbox 0 0 1620 5692; baseline 0 2"><span class='ocrx_word' id='word_1_365' title='bbox 0 0 1620 5692; x_wconf 95' lang='lat' dir='ltr'> </span> 
     </span>
    </p>
   </div>
  </div>
 </body>
</html>
