3232 5692
193 696 197 715 ’
297 712 363 779 336
555 727 768 778 annnrnnn
790 728 897 779 rame
919 728 1084 790 oumrna

127 916 195 970 An.
211 922 284 972 1199.
294 914 376 976 neta
398 910 428 975 ei
452 915 557 975 morte
581 930 641 974 sua
661 917 754 988 jussit
777 934 844 973 enm
862 915 989 971 liborum
1006 916 1096 981 abire,
1116 915 1266 975 daus-illi
1287 932 1362 973 oen·

295 1030 358 1080 tum
377 1021 478 1078 solidis
497 1020 715 1091 sterlingorum.
755 1017 814 1073 Sed
832 1009 902 1075 dux
918 1009 1107 1078 Brubantiae
1122 1015 1158 1077 et
1172 1009 1366 1077 domestici

295 1117 381 1204 regie
403 1116 511 1202 ipsum
536 1114 759 1178 Bertrannum
783 1112 1004 1181 discedentem
1027 1113 1363 1202 comprehenderunt

294 1226 329 1287 et
351 1239 455 1305 usque
489 1219 531 1282 nd
565 1218 652 1304 regis
686 1221 827 1281 mortem
860 1217 1081 1284 reservabant.
1128 1217 1238 1299 Quem
1277 1221 1362 1306 post

127 1324 253 1404 Dfssffios
294 1323 366 1409 ejus
396 1326 537 1386 mortem
559 1321 676 1386 vivum
710 1321 913 1386 excoriatum
943 1321 1190 1408 suspenderunt
1228 1329 1360 1386 Mortuo

127 1392 246 1444 mm·
295 1453 366 1507 ergo
385 1433 511 1489 Ricardo
538 1445 623 1510 rege,
648 1427 669 1488 8
691 1424 767 1489 idus
793 1424 929 1511 Aprilis,
951 1424 1013 1489 sub
1047 1425 1251 1491 contritione
1276 1446 1359 1512 pec·

293 1533 367 1594 cata
390 1549 449 1591 sua
466 1527 621 1603 confesso,
638 1554 743 1607 corpus
757 1536 820 1605 ejus
833 1536 864 1591 in
875 1542 937 1591 tros
949 1542 1048 1608 partes
1066 1536 1195 1593 divisum
1208 1538 1239 1592 in
1252 1536 1358 1593 tribus

292 1632 363 1687 locis
383 1631 532 1703 sepelitur.
570 1630 654 1685 Unde
673 1630 793 1701 quidam
811 1631 951 1686 metricus
970 1630 1012 1685 sic
1030 1631 1087 1686 ait:

402 1766 420 1789 “
437 1760 558 1816 Viscera
577 1759 725 1823 Cariolun‚
747 1777 851 1831 corpus
871 1760 949 1815 Fons
968 1766 1066 1816 servat
1083 1761 1223 1825 Ebrandi,

126 1845 218 1897 test.
401 1850 420 1873 “
435 1847 473 1901 Et
491 1864 541 1901 cor
560 1844 785 1914 Rothomagum
805 1863 911 1917 magua
930 1844 1065 1910 Ricarde‚
1085 1852 1179 1900 tuum.

401 1934 419 1956 ‘·
434 1931 470 1985 In
488 1929 562 1985 tria¹
583 1929 725 1984 dividitur
743 1947 828 1992 unns,
850 1929 900 2000 qui
918 1929 986 2000 plus
1004 1929 1145 1994 inituro,

401 2020 419 2042 ‘⁶
433 2015 461 2070 N
464 2032 496 2071 eo
516 2021 652 2087 superest
669 2014 721 2070 nni
739 2014 836 2085 gratia
853 2020 934 2069 tante
950 2013 1045 2068 viro.”

294 2150 379 2216 Item
404 2150 488 2215 alius
512 2151 668 2216 metricus
689 2149 736 2216 sic
758 2149 824 2214 ait:

401 2301 419 2324 ‘⁸
435 2297 560 2363 Christe,
581 2298 625 2354 tui
643 2298 743 2354 caliois
761 2298 860 2370 prendo
879 2299 912 2353 flt
928 2297 1029 2369 prrede
1046 2298 1179 2355 Calucis:

401 2386 419 2408 ‘⁴
433 2383 505 2437 AErc
524 2382 606 2436 brevi
625 2381 727 2453 dejicis
747 2384 798 2454 qui
817 2382 885 2438 tulit
903 2400 962 2437 oera
979 2383 1085 2438 crucis.

401 2470 420 2492 ‘⁴
434 2466 503 2530 Hic,
525 2464 661 2530 Ricarde,
678 2464 782 2537 jccee‚²
801 2467 853 2522 eed
870 2484 949 2521 mors
969 2467 994 2522 ei
1013 2466 1131 2525 cederet
1148 2468 1249 2532 armis.

401 2555 419 2578 ‘⁸
433 2549 522 2606 Victa
540 2550 645 2606 timore
663 2551 706 2605 tni
718 2542 842 2607 ¹cederet
860 2568 941 2606 erma
958 2551 1049 2607 tnie.”

294 2894 373 2962 Oen.
391 2893 483 2960 XIX.
507 2894 555 2961 De
577 2894 793 2961 coronatione
819 2895 908 2981 repis
931 2894 1104 2963 Johonae's
1116 2922 1129 2976 ;
1159 2896 1199 2964 de
1214 2899 1348 2986 treugis

381 2997 489 3085 captis
511 2997 734 3084 interipsum
749 3005 779 3065 et
794 3021 903 3084 repom
925 2999 1106 3080 Fraoctoe;
1130 3000 1170 3067 dc
1184 3001 1346 3069 Artbaro

380 3101 495 3167 comite
527 3100 725 3167 Brdtaaacbe
738 3129 750 3179 ,·
783 3101 822 3167 de
853 3101 1000 3169 divortio
1025 3103 1117 3168 inter
1146 3125 1255 3188 repom
1280 3104 1344 3170 Jo-

380 3203 530 3270 boaacm
562 3210 591 3270 ct
624 3227 762 3270 acorem
796 3226 905 3285 sacua,
930 3212 959 3270 et
986 3205 1242 3291 desporaeotiose
1272 3230 1341 3273 aaa

379 3328 460 3372 cam
482 3306 557 3373 alia
578 3328 711 3384 worm
734 3313 763 3373 ct
788 3306 827 3372 cic
846 3306 1001 3392 prolibus
1032 3330 1070 3374 ec
1103 3307 1191 3394 ipsis
1208 3330 1341 3395 propo-

378 3408 473 3493 potia.

123 3595 276 3660 Usurpation
335 3589 468 3656 Mortuo
483 3590 647 3676 siquidem
662 3592 785 3678 absque
804 3592 915 3658 liberis
936 3593 1074 3680 praefato
1096 3616 1171 3680 rege
1188 3595 1339 3674 Ricardo,
1352 3618 1384 3671 n
1397 3620 1514 3689 nigra,

121 3664 152 3711 of
159 3663 202 3713 the
1008 3697 1014 3711 ·
1075 3698 1081 3713 .
1308 3701 1315 3714 .

122 3730 257 3795 thmncoy
289 3692 312 3757 J
315 3693 460 3757 ohannes
487 3692 588 3758 frater
619 3716 706 3770 eune,
730 3716 837 3759 comes
872 3694 1047 3762 Mortonrae
1073 3719 1108 3761 1n
1133 3687 1401 3764 Normanu1a⁰⁰¹·
1415 3694 1494 3743 ²⁴¹⁴·

122 3796 265 3912 inffaenrl
290 3800 325 3860 et
348 3795 500 3860 dominus
524 3795 705 3873 Hiberniae,
720 3800 970 3885 cognominatus
995 3798 1099 3864 “Sine
1115 3799 1234 3878 terra,”
1248 3800 1338 3866 filius

121 3877 227 3981 idaei*
289 3898 488 3963 novissimus
514 3899 618 3984 patris
653 3901 713 3979 sui,
737 3902 829 3988 regni
860 3901 1126 3989 gubernaculum,
1149 3903 1255 3969 adhuc
1286 3904 1337 3968 vi·

288 4006 388 4066 vente
410 4001 558 4066 Arthuro
581 4002 650 4067 filio
675 4002 816 4068 Galfridi
846 4005 982 4069 senioris
1004 4004 1115 4069 fratris
1138 4007 1198 4082 sui,
1221 4011 1338 4072 contra

121 4112 177 4164 The
188 4117 231 4166 nd·
282 4104 451 4191 justitiam
482 4104 670 4170 invadebat.
718 4114 776 4169 Sed
802 4115 927 4170 Thomas
955 4116 991 4170 de
1016 4116 1191 4172 Thoriema⁸
1214 4118 1340 4173 tradidit
1351 4127 1460 4180 Ibidem.

120 4179 275 4310 ffissffe
288 4207 425 4296 prefato
451 4217 582 4273 Artemo
608 4216 668 4272 fluo
697 4259 704 4272 .
734 4259 740 4271 .
770 4259 776 4271 .
799 4217 934 4282 seufria,
954 4217 1209 4285 casauriensis,
1230 4216 1338 4276 totam

119 4322 174 4366 true
185 4317 246 4379 heir,
287 4311 498 4382 andegaviam.
548 4309 607 4365 Ubi
638 4310 840 4367 convenientes
870 4328 1005 4382 proceres
1030 4312 1219 4384 Andegaviae,
1246 4312 1338 4369 Ceno·

322 4591 328 4620 ¹
348 4587 410 4654 oio]
430 4586 535 4636 terrain
547 4586 604 4636 MS.
871 4588 880 4616 ⁸
902 4584 1043 4652 Ttoriema]
1063 4587 1188 4652 Tomeya,
1200 4588 1231 4639 R.
1244 4588 1276 4639 Η.

322 4670 332 4700 ¹
342 4666 427 4733 jacce]
444 4665 549 4730 jacetis
561 4666 617 4717 MS.
