3232 5692
319 788 368 873 9⁰.
646 801 746 854 anau
767 801 877 854 nanas
898 803 1038 856 ramua

317 974 450 1056 necem,¹
487 976 581 1041 venit
608 978 716 1042 dictus
750 974 890 1064 Drugo²
921 979 965 1042 ad
997 998 1115 1064 regem,
1151 975 1309 1040 simulans
1331 995 1365 1038 ae

317 1077 402 1143 velle
425 1100 499 1143 curn
522 1062 623 1144 uxore
645 1101 706 1144 sua
731 1080 767 1144 in
794 1079 986 1145 Flandriam
1011 1080 1156 1160 reverti3
1188 1075 1245 1144 et⁸
1266 1075 1365 1164 petiit

317 1179 360 1244 ab
382 1180 454 1266 ipso
476 1181 681 1267 aliquantam
706 1183 879 1269 pecuniam
904 1181 969 1247 sibi
992 1182 1073 1249 duri.
1119 1181 1267 1268 Accepta
1289 1200 1364 1265 ergo

316 1304 337 1345 a
359 1304 435 1369 rege
456 1285 603 1370 pecunia,
625 1284 799 1349 festinavit
820 1284 863 1349 ad
885 1306 983 1349 mara
1030 1283 1134 1369 Cujus
1160 1277 1364 1348 nefandum⁴

316 1383 440 1449 fuctum
467 1391 501 1451 et
523 1386 638 1451 fictum
661 1387 833 1474 negotium
855 1408 931 1452 cum
953 1407 1013 1451 rex
1035 1386 1250 1470 cognovisset,
1274 1383 1365 1449 misit

316 1493 390 1575 pout
430 1488 528 1554 illum
567 1495 607 1555 ut
644 1488 980 1576 comprehenderetur.
1047 1488 1113 1555 Sed
1153 1489 1224 1576 ipse
1256 1489 1364 1553 denuo

316 1611 384 1655 non
414 1612 604 1656 reversurus
642 1591 878 1658 transfretavit
940 1591 1031 1657 Data
1061 1597 1112 1657 est
1143 1613 1219 1678 ergo
1255 1590 1364 1656 Odoni

316 1691 356 1757 de
380 1692 568 1780 Campania,
590 1692 649 1780 qui
671 1693 789 1761 habuit
820 1715 963 1760 sororem
996 1694 1083 1780 regis
1113 1715 1257 1772 uxorem,
1281 1692 1364 1757 Hol-

315 1795 472 1876 demesia,
494 1796 580 1860 sicut
612 1796 738 1861 dictum
771 1801 840 1877 eat3
871 1818 946 1882 quaa
980 1796 1076 1863 valde
1107 1796 1229 1862 sterilia
1258 1800 1293 1860 et
1315 1795 1365 1860 in-

314 1896 480 1964 fructuosa
502 1903 574 1963 erat
596 1919 634 1963 eo
664 1903 904 1986 temporaneo
937 1899 1096 1986 gignebat
1128 1899 1194 1963 niai
1216 1920 1363 1964 avenam.

161 2030 166 2041 ·
213 2033 219 2046 ·
314 1999 463 2087 Cumque
502 2001 610 2066 Odoni
648 2017 734 2066 uxor
779 2023 839 2067 aua
882 2000 989 2067 filium
1034 2001 1220 2088 peperisset,
1266 2022 1363 2087 quem

314 2103 448 2168 vocavit
470 2101 686 2190 Stephanum,
718 2104 816 2191 petiit
839 2126 859 2168 a
880 2125 956 2190 rege
989 2107 1029 2169 ut
1063 2103 1158 2169 daret
1188 2103 1219 2169 ei
1240 2108 1363 2168 terram

314 2205 474 2271 ferentem
496 2206 710 2285 firmientum,
734 2206 822 2272 unde
845 2207 931 2271 aiere
951 2211 1061 2293 posset
1083 2211 1238 2292 nepotem
1258 2226 1363 2270 ouum.

315 2307 418 2374 Dedit
440 2330 518 2396 ergo
540 2310 570 2374 ei
593 2331 653 2374 rex
675 2308 789 2374 villam
813 2309 854 2374 de
877 2309 1025 2397 Bytham
1047 2330 1122 2375 cum
1144 2308 1364 2396 pertinentiis,

314 2416 349 2477 et
370 2411 451 2476 alias
482 2412 700 2498 possessiones
732 2411 897 2499 plurimae.
942 2411 1044 2477 Porro
1077 2410 1167 2476 filius
1196 2410 1364 2498 Stephani,
1498 2405 1503 2412 ’

313 2511 376 2578 filii
397 2511 545 2593 Οάοιιὶε,ὅ
567 2513 632 2580 fuit
654 2512 855 2580 Willielmus
876 2515 908 2579 le
938 2512 1043 2580 Groos
1068 2511 1269 2601 pradictus,6
1289 2512 1364 2578 fun·

148 2617 262 2669 william
271 2621 294 2671 le
313 2616 410 2681 dator
443 2624 561 2682 noster.
618 2616 665 2683 Et
698 2618 767 2704 ipse
799 2616 997 2682 Willielmua
1034 2617 1066 2682 le
1101 2614 1205 2682 Grooa
1238 2618 1364 2703 accepit

148 2684 294 2804 gffisz
312 2739 451 2785 uxorem
474 2718 631 2785 Ceoiiiam
653 2720 797 2799 nomine,
820 2719 924 2784 filiam
950 2718 1118 2784 Willielmi
1139 2718 1202 2783 filii
1225 2719 1363 2784 Dunne·

148 2818 249 2871 meaux.
312 2819 388 2899 ran,
405 2820 462 2909 qu
477 2822 542 2888 suu
558 2822 646 2887 auus
667 2823 754 2910 rega
777 2803 899 2888 §0001ae
914 2821 1081 2887 malcolmi
1103 2828 1138 2888 et
1160 2821 1262 2888 fraer
1275 2822 1362 2910 regis

312 2923 430 2991 David
476 2923 540 2991 Per
555 2946 654 3010 quam
677 2924 833 2991 Oeciliam
855 2923 965 2990 dictus
985 2923 1183 2990 Willielmue
1204 2923 1235 2990 le
1258 2924 1361 2991 Grooa

301 3009 347 3091 'et
369 3026 505 3091 heredes
521 3023 595 3092 aui⁷
617 3025 755 3091 comites
788 3025 1000 3092 Albemarliae
1016 3024 1029 3062 ⁸
1046 3025 1123 3112 jure
1156 3025 1360 3093 heredetario

313 3127 521 3194 Cravennam
568 3128 790 3216 possidebant.
879 3127 932 3193 Ex
976 3150 1039 3216 qua
1087 3128 1210 3195 Oecilia
1254 3129 1361 3194 dictus

312 3230 511 3296 Willielmus
544 3231 670 3318 accepit
706 3252 808 3295 unam
846 3230 957 3310 filiam,
995 3231 1130 3296 nomine
1167 3230 1360 3296 Hawisiam.

312 3332 388 3421 Ipse
422 3334 555 3422 quidem
578 3332 776 3399 Willielmus
809 3332 840 3398 lo
873 3332 977 3399 Grooa
1002 3354 1117 3412 comeo,
1141 3338 1217 3421 post
1246 3333 1363 3399 funda-

309 3436 436 3513 tionem
473 3435 748 3501 monasteriorum
780 3435 896 3501 Sancti
928 3434 1070 3500 Martini
1106 3436 1148 3501 de
1185 3434 1361 3501 Auxiaco⁰

311 3560 413 3624 prope
435 3537 681 3617 Albemarliam,
712 3539 753 3604 de
776 3538 890 3604 ordine
921 3537 1140 3618 cluniacensi,
1171 3542 1207 3604 et
1231 3538 1361 3605 Sanctae

312 3640 427 3707 Mariae
450 3642 491 3706 de
507 3641 709 3722 Thorntona,
724 3641 925 3727 regularium
940 3640 1170 3707 canonicorum
1185 3641 1226 3708 de
1247 3641 1361 3708 ordine
1424 3726 1428 3736 ,

312 3743 426 3809 Sancti
459 3743 651 3830 Augustini,
673 3751 709 3809 at
730 3743 870 3808 duorum
901 3743 1174 3810 monasteriorum
1203 3744 1245 3810 de
1268 3742 1361 3809 Valle

311 3846 375 3912 Dei
387 3843 414 3883 ¹⁰
444 3852 479 3913 et
508 3845 550 3911 de
581 3845 694 3927 Melea,
725 3845 926 3912 monasterio
955 3845 1113 3913 videlicet
1142 3851 1255 3913 nostro
1277 3868 1361 3934 prae-

310 3947 433 4030 dict0,¹¹
456 3948 497 4016 de
529 3948 643 4014 ordine
677 3948 896 4032 Cistercienai,
919 3949 1009 4015 vixit
1032 3952 1074 4015 29
1098 3950 1194 4015 annia
1215 3954 1251 4016 at
1271 3949 1360 4037 apud

344 4193 351 4224 ¹
368 4191 430 4242 Post
445 4227 453 4242 .
470 4228 477 4244 .
495 4189 586 4256 necent]
606 4190 719 4256 wanting
728 4190 756 4240 in
768 4191 798 4242 P.
890 4192 900 4221 ⁸
918 4189 1086 4259 Albemarlioe]
1105 4193 1218 4259 wanting
1228 4192 1255 4243 in
1266 4192 1297 4246 P.

341 4274 448 4323 ²dictru
458 4271 559 4337 Drupo]
578 4286 647 4337 ergo,
658 4271 688 4323 P.
891 4269 955 4322 'St
972 4271 1069 4322 Martin
1088 4271 1211 4339 d’Auchy
1229 4287 1258 4324 or
1277 4273 1358 4326 d’Au·

343 4353 406 4418 ὀί]
427 4351 620 4416 wantinginP.
857 4349 930 4409 male,
941 4349 1081 4401 dioceseos
1093 4351 1192 4403 Rouen.

342 4430 514 4497 ‘nefandam
533 4431 680 4492 infaustum,
690 4429 720 4480 P.
890 4430 909 4460 ¹⁹
926 4429 1002 4480 Aster
1013 4429 1067 4480 Dei
1077 4430 1157 4482 insert
1167 4432 1297 4495 videlicet,
1309 4433 1341 4485 P.

344 4512 354 4542 ⁸
363 4509 417 4575 fila·
430 4510 536 4576 odona]
551 4508 741 4575 wantinginP.
891 4509 907 4541 ¹¹
926 4510 1068 4558 monastrio
1079 4546 1086 4559 .
1098 4544 1106 4560 .
1119 4510 1252 4578 proedicto]
1271 4521 1358 4564 nostro

343 4588 511 4657 'moeduunj
531 4589 620 4651 dictur,
630 4588 661 4639 P.
856 4587 976 4656 praedicto
986 4588 1144 4654 monaterio,
1154 4590 1185 4642 P.

337 4668 534 4738 'etheredcemi1
540 4667 808 4723 nurmandiam.
