3232 5692
585 772 685 822 anau
707 773 815 822 annas
838 774 976 824 ramus.
1244 763 1306 826 141

260 947 412 1033 pervenit
433 952 468 1013 et
490 946 608 1012 aulam.
655 947 701 1012 Et
730 969 804 1012 cum
835 947 872 1012 in
904 947 982 1012 aula
1003 947 1092 1013 solus
1113 945 1184 1032 ejus
1205 947 1401 1024 admi-pind.
1412 973 1478 1024 him-

260 1070 337 1113 rans
369 1052 570 1113 structuram
600 1048 805 1134 aliquamdiu
837 1049 1043 1136 persedisset,
1078 1069 1151 1114 ecce
1184 1052 1223 1114 15
1246 1047 1310 1113 viri
1323 1038 1436 1155 ffilss

260 1149 353 1235 quasi
375 1148 517 1236 religiosi
547 1149 681 1215 domum
707 1150 925 1216 intraverunt.
983 1149 1058 1231 Qui,
1089 1172 1165 1216 eum
1188 1149 1224 1214 in
1246 1142 1462 1237 fide1„„„„d
1584 1170 1595 1188 '

260 1250 377 1315 fortius
399 1251 638 1330 confirmantes,
661 1256 879 1338 temptaturus
900 1252 1059 1338 quosdam
1082 1252 1113 1316 ei
1135 1259 1311 1318 eventurus
1324 1249 1403 1329 ῡξῐὶῑ·

259 1353 493 1438 praedicebant,
531 1358 566 1418 et
603 1354 739 1419 omnino
778 1353 809 1418 ei
845 1375 1029 1440 regressum
1067 1352 1310 1420 dissuadebant
1323 1317 1459 1435 muti&

259 1453 332 1519 Illis
354 1454 486 1541 quidem
509 1454 655 1541 egressis,
671 1477 746 1520 oum
760 1455 851 1521 solus
873 1456 909 1520 in
932 1454 1029 1520 domo
1046 1454 1184 1533 sederet,
1200 1455 1310 1521 subito
1322 1449 1423 1515 ligioni„

258 1554 343 1621 eirca
365 1556 498 1621 domum
521 1556 622 1643 eoepit
654 1557 762 1622 audiri
792 1557 967 1635 tumultus,
988 1578 1027 1622 ac
1049 1556 1078 1621 si
1099 1561 1192 1622 totus
1222 1557 1311 1623 orbis

255 1662 293 1722 et
325 1658 478 1723 universa
510 1658 547 1723 in
580 1679 618 1724 eo
652 1664 808 1724 contenta
838 1664 1058 1725 moverentur.
1114 1658 1224 1737 Unde,
1245 1659 1312 1724 nisi

258 1760 373 1825 divina
404 1761 530 1826 virtute
568 1766 603 1826 et
639 1761 858 1827 instructione
889 1761 1051 1826 dictorum
1089 1764 1128 1825 15
1163 1762 1310 1827 virorum

257 1867 493 1950 protegeretur,
519 1863 591 1949 ipso
624 1863 774 1928 tumultu
808 1868 1022 1929 averteretur.
1068 1863 1114 1927 Et
1135 1885 1206 1929 ecce
1236 1863 1312 1928 hor·

257 1986 368 2029 rorum
390 1963 526 2030 auditus
548 1963 638 2029 visus
667 1964 855 2031 horribilior
885 1965 1073 2030 daemonum
1106 1965 1310 2050 sequebatur,

257 2068 369 2152 Atque
391 2065 423 2130 ei
445 2066 678 2132 cachinnantes
703 2067 836 2133 vivifico
868 2066 1016 2132 adventu
1037 2088 1097 2132 suo
1127 2067 1309 2154 congaude·
1322 2077 1436 2132 Demens

256 2167 348 2243 bant,
388 2190 571 2253 regressum
617 2168 841 2255 deceptorium
878 2173 991 2234 tamen
1027 2168 1059 2233 ei
1096 2170 1307 2255 procurando.
1320 2147 1477 2264 25⁰2*ng

257 2269 432 2335 Daemones
455 2275 575 2349 autem,
598 2291 632 2334 se
663 2271 829 2336 contemni
852 2276 1030 2350 comentes,
1054 2275 1249 2336 struxerunt
1271 2271 1466 2336 inintoafira

255 2371 369 2437 eadem
408 2371 504 2436 domo
552 2372 734 2437 maximum
778 2371 922 2437 incendii
967 2393 1095 2458 rogum,
1133 2372 1308 2459 ligatisque

257 2473 411 2538 manibus
449 2478 484 2538 et
520 2473 668 2559 pedibus,
705 2472 846 2539 militem
895 2472 932 2537 in
977 2473 1054 2560 igne
1091 2473 1307 2560 projecerunt

257 2574 416 2640 Primitus
447 2596 524 2661 ergo
555 2575 675 2640 missus
707 2575 744 2640 in
775 2574 887 2662 ignem
918 2595 1018 2661 grave
1040 2574 1143 2640 sensit
1164 2581 1309 2641 tormen·

256 2684 337 2743 tum.
383 2676 468 2743 (lum
500 2677 588 2743 enim
620 2676 801 2742 adversarii
832 2698 908 2742 eum
930 2676 1083 2741 incendio
1106 2681 1308 2762 torquerent,
1319 2673 1434 2727 Hffllh

255 2780 303 2867 pii
325 2780 430 2846 Jhesu
452 2801 572 2845 nomen
603 2779 780 2858 invocavit,
803 2784 847 2859 et,
871 2778 968 2844 citius
990 2779 1139 2844 extincto
1162 2779 1306 2844 incendii
1319 2743 1476 2858 mii&

255 2905 343 2968 rogo,
358 2882 399 2947 de
421 2881 526 2968 primo
541 2881 672 2946 illorum
687 2881 815 2946 assultu
836 2886 887 2946 est
908 2879 1074 2946 liberatus.
1120 2879 1195 2962 Quo
1209 2881 1296 2948 facto
1318 2888 1393 2937 Μ
1404 2875 1446 2927 ‘¹¹⁶

255 2984 348 3049 miles
369 2985 522 3049 audacior
543 2989 594 3049 est
609 2984 751 3049 effectus.
1297 2933 1412 2992 ’m

264 3313 346 3381 'Car
371 3313 538 3379 XXXIII.
561 3314 610 3378 De
628 3312 742 3398 poeaia
762 3311 911 3397 ejusdem
932 3314 1129 3400 purgatorii
1151 3323 1181 3381 ct
1201 3337 1283 3400 pro-

169 3424 173 3433 '
619 3414 789 3500 qreseioue
810 3414 948 3482 militia.

300 3609 534 3694 Relinquentes
569 3608 731 3672 daemones
754 3607 889 3673 domum
911 3629 1020 3674 seeum
1048 3610 1189 3675 militem
1212 3616 1304 3674 trax.
1318 3607 1375 3659 The
1386 3611 1430 3659 de-

251 3718 358 3777 erunt.
390 3710 477 3775 Aliis
499 3712 542 3775 ab
566 3709 639 3774 aliis
662 3709 913 3790 discedentibus,
929 3712 1066 3796 quidam
1080 3712 1217 3778 illorum
1229 3734 1304 3777 eum
1318 3689 1396 3806 iffi}
1407 3743 1461 3792 him

253 3836 312 3900 per
348 3820 479 3877 vastam
516 3812 683 3898 regionem
721 3810 928 3876 tenebrosam
975 3818 1149 3879 traxerunt
1192 3836 1305 3880 versus
1318 3807 1427 3924 thrqqgh

254 3916 422 3990 orientem,
445 3920 480 3979 et
502 3914 579 3978 inde
602 3913 812 3978 dextrorsum
843 3919 1072 3980 convertentes
1103 3939 1161 4002 per
1182 3918 1304 3982 vallem
1317 3889 1408 4006 lablye,

252 4016 448 4081 latissimam
470 4021 585 4080 contra
607 4021 757 4079 austrum
788 4015 979 4081 tendebant.
1024 4017 1174 4104 Illucque
1204 4020 1304 4106 ooepit
1318 4024 1442 4103 Herem

253 4119 346 4204 qnasi
366 4117 461 4203 vulgi
483 4118 588 4182 totius
618 4122 715 4182 terrae
745 4117 943 4183 miserrimos
973 4119 1138 4197 clamores,
1160 4121 1304 4205 ejulatus
1316 4091 1473 4222 :ffissssm

251 4225 289 4285 et
303 4220 411 4298 fletus,
428 4219 552 4284 audire.
595 4217 741 4283 Tandem
757 4224 868 4284 tractu
890 4222 1079 4285 daemonum
1102 4222 1139 4286 in
1161 4221 1334 4309 largissif.
1348 4240 1387 4286 15.

253 4343 344 4387 mum
376 4321 529 4408 pervenit
560 4342 719 4406 campum,
742 4319 836 4406 cujus
867 4320 949 4386 fines
982 4344 1050 4387 non
1083 4324 1195 4410 potuit
1228 4313 1414 4430 con-{Jfl'h

254 4423 415 4509 templari.
479 4421 542 4486 Ille
587 4422 700 4508 itaque
737 4444 871 4509 campus
904 4421 1095 4490 bominibus
1132 4425 1303 4512 utriusque
1316 4388 1463 4497 abdiel-¹⁰

252 4548 352 4591 sexus
375 4525 542 4591 etaetatis
565 4525 663 4590 nudis
686 4526 722 4589 in
745 4531 831 4591 terra
855 4525 1044 4611 jacentibus
1074 4527 1189 4614 plenus
1211 4512 1453 4630 eratfflgffl’
