3232 5692
284 749 348 812 228
580 761 717 811 monas
739 759 847 809 aenas
865 759 1020 808 rannus

117 940 186 991 Am.
200 945 263 990 msa
283 933 424 1019 passagii
440 934 480 997 de
503 932 658 1010 Hesellia,
674 932 768 996 nobis
790 931 956 1007 fratribus,
978 930 1179 1007 bominibus,
1202 927 1333 993 anima·

118 1011 211 1057 '¹¹⁹⁷'
284 1034 381 1114 libus,
404 1041 439 1100 et
467 1036 618 1100 omnibus
650 1034 793 1120 negotiis
826 1033 956 1109 nostris,
979 1033 1242 1119 quotiescunque
1272 1051 1334 1094 ne·

117 1084 238 1137 Hesellia.

284 1159 369 1203 oesse
394 1138 595 1203 haberemus
648 1138 703 1215 Et,
728 1138 755 1200 si
780 1136 854 1223 quis
876 1136 1048 1200 hominum
1071 1156 1207 1200 suornm
1231 1154 1334 1219 super·

284 1240 345 1305 hoc
367 1263 426 1305 nos
446 1246 592 1317 vexaret,
615 1260 674 1325 pro
696 1260 892 1324 unoquoque
915 1239 1049 1304 denario
1073 1259 1171 1323 quem
1192 1259 1213 1301 a
1234 1236 1334 1301 nobis

284 1342 468 1420 extorserit,
491 1342 546 1405 xii.
573 1341 723 1406 denarios
744 1341 876 1405 nomine
909 1340 1125 1405 forisfacturae
1148 1339 1244 1406 nobis
1274 1360 1334 1424 pa·

284 1467 355 1510 care
376 1443 570 1531 repromisit
617 1443 662 1507 Et
687 1441 858 1507 Johannes
880 1441 921 1507 de
946 1442 1094 1507 Hesellia
1116 1442 1210 1507 dedit
1232 1440 1332 1506 nobis

213 1536 221 1548 ⁹
285 1569 456 1633 quareram
471 1545 559 1632 apud
575 1543 765 1624 Heselliam,
781 1549 820 1608 ut
842 1545 1085 1631 imperpetuum
1109 1544 1334 1631 acciperemus

118 2128 184 2179 ham.

285 1653 423 1736 petram,
444 1648 546 1712 libere
569 1669 607 1711 ac
629 1645 839 1725 sufficienter,
853 1651 923 1710 tam
938 1646 979 1711 ad
1002 1669 1121 1734 rogum
1143 1645 1332 1711 faciendum

286 1772 384 1836 quam
407 1750 450 1814 ad
472 1750 639 1814 ecclesiam
669 1748 832 1834 lapideam
856 1754 890 1813 et
922 1753 1056 1813 cetenis
1079 1748 1225 1814 officinas
1258 1769 1333 1813 nos-

285 1856 354 1916 tras
376 1852 592 1927 aedificandas,
615 1871 781 1935 quousque
804 1855 893 1913 terra
914 1871 974 1914 sua
996 1851 1141 1929 duravit,
1166 1872 1186 1914 a
1209 1849 1333 1914 molen·

285 1953 363 2018 dinc
378 1954 418 2018 de
434 1952 581 2018 Hescllia
597 1974 699 2035 usque
714 1951 758 2015 ad
780 1950 922 2015 divisam
945 1951 985 2016 de
1002 1952 1144 2037 Feryby
1176 1952 1333 2017 Thomas·

121 2062 265 2129 Brantyng·
286 2076 350 2141 qne
375 2054 518 2120 Gerland
551 2050 722 2118 vendidit¹
753 2051 849 2117 nobis
882 2058 1009 2138 septem
1041 2074 1133 2117 acras
1166 2059 1263 2118 terrae
1295 2059 1331 2119 et

284 2157 478 2273 quadrcmm
500 2156 599 2242 spatii
615 2158 658 2219 80
672 2153 825 2239 pedum
815 2176 852 2216 1n
874 2153 1083 2239 longitudine
1099 2160 1135 2219 et
1151 2158 1193 2219 20
1208 2157 1330 2241 pedum

284 2259 321 2321 in
353 2257 539 2333 latitudine,
574 2254 633 2320 in²
656 2253 914 2340 Brantyngbam.
959 2255 1149 2321 Osmundus
1176 2256 1332 2342 quoquc³

285 2359 377 2425 Kent
399 2359 493 2424 dedit
514 2357 608 2422 nobis
631 2378 802 2441 quareram
826 2355 894 2418 vixx
917 2356 1038 2441 pedum
1062 2358 1097 2421 in
1121 2358 1331 2445 longitudine

285 2465 320 2526 et
352 2461 421 2526 viii.
456 2461 687 2546 pertiartnrum
718 2459 753 2521 in
786 2457 985 2538 latitudine;
1020 2465 1055 2524 et
1088 2460 1189 2525 etiam
1224 2466 1330 2525 totam

283 2562 491 2648 quadrariam
514 2561 612 2625 unius
635 2564 795 2625 carucatas
810 2565 916 2635 terme,
934 2562 1080 2646 exceptis
1101 2566 1142 2626 ‘24
1161 2564 1331 2649 perticatis

284 2664 321 2729 in
342 2663 569 2750 longitudiue3
592 2669 626 2727 et
652 2662 759 2727 locum
781 2660 995 2726 sufficientem
1031 2663 1073 2727 nd
1106 2670 1233 2749 petram
1258 2687 1331 2731 nos-

284 2771 371 2831 tram
408 2765 592 2851 ponendam
624 2784 722 2848 quam
756 2762 877 2827 ibidem
915 2764 1131 2841 effoderimus,
1162 2787 1330 2852 quousque

284 2872 390 2932 totam
424 2874 550 2953 petram
592 2864 727 2930 eandem
762 2864 969 2943 tolleremus;
1001 2872 1036 2931 et
1074 2868 1163 2933 viam
1193 2869 1328 2934 liberam

284 2991 342 3055 per
374 2973 495 3033 terram
529 2989 621 3032 suam
653 2990 674 3031 a
704 2966 761 3029 via
785 2966 979 3031 Eboracensi
1014 2991 1117 3054 usque
1148 2970 1191 3034 ad
1223 2969 1330 3036 Hum-

284 3070 399 3150 briam,
421 3092 487 3156 qua
509 3092 581 3134 cum
617 3069 716 3134 carris
738 3074 774 3132 et
807 3070 941 3133 carectis
964 3074 1138 3135 uteremur.
1185 3071 1235 3137 De
1264 3094 1331 3158 qua

285 3172 417 3259 quidem
440 3193 578 3257 qnarera
601 3171 734 3236 ecclesia
756 3176 870 3235 nostra
892 3177 927 3235 et
949 3172 1087 3237 (rentem⁴
1112 3172 1240 3238 officina
1261 3198 1330 3240 mo·

284 3275 420 3339 nasterii
450 3274 554 3338 nostri
577 3279 656 3338 suut
678 3271 889 3337 constructa⁶
945 3273 1133 3360 Stephanus
1156 3298 1331 3361 germanus

259 3376 454 3441 ‚willielmi
487 3398 634 3461 perseum
658 3374 699 3439 de
722 3374 933 3460 Cotyngham
965 3382 998 3440 ct
1031 3376 1071 3440 de
1104 3376 1213 3441 Rule⁶
1239 3378 1330 3443 dedit

284 3477 379 3541 nobis
412 3477 477 3540 duo
502 3476 670 3561 mesnagis
692 3475 727 3539 in
751 3475 907 3552 Eboraco‚
933 3475 1028 3560 qure⁷
1051 3478 1091 3541 de
1118 3478 1204 3543 dono
1227 3478 1331 3545 dicti⁸

284 3578 456 3642 Willielmi
487 3577 596 3640 fratris
630 3578 681 3641 sui
713 3578 907 3661 possidebat.
954 3577 1057 3642 Dedit
1088 3579 1224 3664 itaque⁹
1246 3604 1330 3668 prte-

284 3681 373 3745 fatus
403 3677 602 3742 Williclmus
632 3678 763 3742 Matildi
794 3680 894 3743 sorori
926 3701 993 3745 sure
1027 3703 1129 3745 unum
1165 3688 1330 3747 tenemen-

284 3787 357 3848 tum
393 3782 427 3846 in
459 3780 642 3859 Beverlnco‚
677 3780 764 3864 quod
797 3787 872 3866 post
902 3781 1030 3847 obitum
1061 3782 1223 3848 dictorum
1246 3784 1330 3847 Wil-

320 4078 464 4143 ¹oeadidir]
483 4079 613 4136 vendebat,
625 4080 654 4128 Ρ.
687 4062 692 4073 ¹
804 4086 807 4153 Ι
865 4079 1200 4148 ‘Slcpbarrua...1inle]
1227 4084 1329 4134 Germa·

319 4160 330 4191 ²
346 4158 423 4208 Alter
434 4159 459 4205 ia
471 4158 550 4206 insert
560 4157 686 4206 territorio
697 4158 735 4217 de,
744 4158 773 4207 P.
831 4174 879 4208 nus
902 4175 998 4223 qnoque
1020 4161 1098 4220 illius,
1122 4162 1263 4226 Stephanus
1285 4178 1330 4212 no·

319 4239 330 4268 ³
345 4238 420 4287 After
430 4253 521 4299 qnoque
533 4237 610 4285 insert
620 4237 659 4293 de,
671 4236 700 4286 P.
830 4238 906 4299 mine,
918 4239 946 4287 P.

320 4318 330 4346 ⁴
345 4316 446 4380 celera]
466 4315 578 4379 wanting
590 4314 616 4363 5¹¹
626 4316 655 4364 P·
864 4344 872 4370 ³
889 4342 955 4406 qna]
975 4358 1044 4406 quas,
1057 4343 1084 4392 in
1096 4345 1157 4395 both
1169 4344 1245 4396 MSS.

318 4396 333 4486 ἠ
344 4395 413 4444 llere
435 4395 532 4443 follows
549 4393 575 4443 in
594 4394 623 4443 P.
645 4408 781 4484 apassaqc
862 4444 1152 4497 'Asterdicuinmd
1195 4448 1273 4497 ‘'1’

284 4474 367 4525 which
385 4488 540 4525 commences
557 4472 660 4537 chapter
671 4472 732 4523 VII.
754 4488 780 4522 m
1152 4464 1239 4510 (ΠΜ,
1273 4485 1281 4502 ·

283 4552 515 4618 theEgertonMS.
550 4552 598 4603 See
614 4551 702 4616 below,
716 4567 781 4616 page
862 4553 982 4619 'iraque]
1002 4555 1127 4616 etiam‚l’.

283 4638 341 4697 232,
353 4640 411 4684 note
423 4636 444 4683 7.
