3232 5692
679 777 778 827 ΑΒΜ
799 776 906 829 mss
928 775 1065 827 snmus.

437 1119 519 1186 Cur.
546 1117 619 1183 XX.
657 1115 706 1182 De
727 1115 905 1183 Wiliietmo
927 1115 1072 1183 Soacto¹
1096 1113 1298 1182 Kbmuocresi

740 1216 999 1307 archiepiscopo.

180 1408 249 1459 Ar).
264 1415 336 1472 115³,
382 1401 560 1458 Tricesimus
579 1400 698 1472 quidem
724 1390 827 1478 ipsius
857 1391 999 1457 ecolesiae
1029 1407 1220 1465 Ehoracensis
1251 1399 1511 1474 archiam-Ibidem,

184 1480 255 1526 ¹¹⁵⁴·
346 1510 452 1566 scopus
481 1491 615 1563 regimen
639 1490 778 1562 praefatus
802 1489 980 1545 Willislmus
1010 1490 1146 1562 suscepit
1194 1488 1254 1544 Hic
1283 1492 1390 1549 autem,

180 1553 296 1604 Wiffim
347 1577 483 1632 defuncto
512 1575 642 1630 Henrico
672 1575 900 1647 archiepiscopo,
932 1592 950 1630 a
979 1573 1119 1629 fratribus
1149 1573 1211 1630 suis
1246 1570 1392 1627 canonicis

178 1621 329 1739 Ἔποψ
346 1658 538 1715 Eboracensis
556 1658 688 1714 ecclesiia
719 1699 726 1713 .
759 1699 767 1713 .
793 1697 801 1713 .
827 1659 859 1713 in
876 1657 1126 1730 archiepiscopum
1143 1658 1252 1713 iterum
1269 1655 1390 1717 electus,

346 1751 470 1807 Romam
488 1751 635 1821 profectus
663 1757 717 1821 est,
755 1746 790 1807 et
811 1741 854 1808 ab
876 1741 1077 1807 Anasthasio
1099 1763 1185 1829 papa
1218 1744 1239 1805 4
1262 1739 1392 1805 electio·

346 1843 398 1908 nis
420 1864 488 1908 suae
511 1841 794 1908 confirmationem
817 1847 852 1908 et
872 1843 1010 1931 pallium
1025 1841 1219 1909 obtinebat.²
1264 1851 1393 1922 Accepta

345 1945 445 2016 itaque
463 1943 630 2015 apostolica]
649 1944 860 2001 benedictionis
886 1945 991 2017 gratia,
1010 1945 1190 2002 willielmus
1208 1946 1240 2000 in
1254 1944 1394 2016 Angliam

345 2046 492 2093 reversus,
520 2027 687 2099 ubicunque
705 2027 833 2094 advenit,
862 2029 1043 2095 castimonia,
1072 2030 1237 2087 innocentia
1266 2045 1299 2083 ao
1325 2027 1395 2082 ritae

179 2098 293 2151 Μῑῦῑῡ
344 2111 482 2183 puritate,
508 2110 697 2166 laudabiliter
717 2111 835 2167 effulsit.
881 2111 937 2181 Qui
963 2130 1029 2168 cum
1053 2114 1183 2169 venisset
1207 2111 1395 2168 cantuariam

178 2165 221 2216 ²¹³⁰
232 2182 289 2243 ,Μ’
304 2233 319 2282 s
344 2195 480 2266 Rogcms
500 2193 720 2250 cantuariensis
733 2194 865 2251 ecclesia
877 2195 1108 2262 archidiaconus,
1123 2195 1269 2252 desiderio
1286 2201 1395 2249 mutuas

177 2246 303 2364 {awo
345 2277 510 2335 collationis
529 2295 597 2333 cum
617 2294 651 2332 oo
669 2277 811 2333 habendas
828 2296 978 2345 accensus,
998 2296 1065 2335 eum
1083 2298 1137 2352 pro
1155 2297 1215 2335 sua
1234 2277 1396 2339 sanctitatis

178 2367 333 2416 archdeacon
346 2362 513 2417 reverentia
533 2360 638 2416 devote
655 2361 796 2418 visitavit.
834 2362 909 2418 Cum
924 2381 995 2419 vero
1011 2371 1078 2436 post
1095 2370 1193 2436 optata
1209 2363 1284 2418 tanti
1304 2361 1395 2433 patris

177 2431 319 2484 deme*
345 2453 492 2525 colloquia
503 2453 640 2525 Rogsms
652 2445 722 2531 ipse
739 2453 777 2509 ad
794 2455 913 2526 propria
929 2462 1097 2522 remeasset,
1111 2454 1290 2513 Willielmns
1303 2454 1396 2511 archi·

178 2498 250 2563 Μ’
347 2547 504 2618 episcopus
523 2546 613 2602 talem
638 2546 675 2602 de
693 2564 727 2602 eo
748 2546 871 2618 protulit
895 2550 1068 2605 sententiam
1093 2549 1265 2614 astantibus,
1285 2548 1393 2614 dicens,

179 2621 306 2674 00¹1flffl¹⁸
348 2634 368 2658 ‘¹
385 2630 448 2686 Ista
467 2631 525 2685 erit
543 2647 695 2686 successor
713 2629 832 2686 suus.”⁸
868 2630 950 2700 Quod
969 2639 999 2688 et
1016 2632 1125 2688 factum
1145 2640 1200 2689 est.
1235 2633 1275 2687 Et
1292 2633 1395 2688 exindo

176 2689 309 2806 mm
346 2714 540 2786 progrediens
569 2714 607 2770 ad
636 2714 790 2770 ecclesiam
821 2733 904 2770 suam
933 2716 1144 2772 Eboracensem
1173 2717 1231 2773 iter
1260 2717 1393 2788 arripnit,

179 2822 288 2872 landsin
348 2804 383 2865 et
426 2820 486 2886 per
523 2803 673 2863 nostrum
710 2800 946 2864 monasterium
989 2801 1188 2866 transeundo
1224 2801 1261 2866 in
1298 2800 1395 2865 domo

177 2887 306 2955 wagner.
346 2906 461 2968 nostra
496 2900 670 2987 capitulari
700 2900 906 2987 praescriptas
939 2900 1020 2967 duas
1050 2887 1219 2969 carucatais
1240 2908 1337 2969 terras
1360 2904 1396 2968 in

346 3001 501 3090 Wagbna
516 3022 590 3066 cum
606 3003 755 3089 passagio
777 3001 873 3066 fluvii
890 3002 930 3068 dc
946 3002 1049 3070 Hullo
1064 3005 1157 3070 nobis
1172 3005 1393 3070 confirmabat.

349 3104 443 3162 Venit
460 3106 579 3161 tandem
597 3104 762 3159 Eboracum
792 3104 840 3158 die
866 3104 1019 3161 Dominica
1044 3107 1175 3178 proxima
1197 3112 1262 3162 ante
1287 3108 1395 3163 festum

180 3184 287 3236 ΜῙΜῙΘ
349 3189 539 3246 Ascensionis
558 3188 719 3244 Dominicas
740 3229 746 3243 .
768 3229 776 3244 .
798 3228 804 3242 .
825 3205 899 3243 anno
918 3188 1035 3244 Domini
1054 3189 1144 3255 1154,⁴
1163 3197 1193 3245 et
1210 3208 1397 3262 cummagno

176 3253 320 3369 ffiff‘?
350 3274 504 3330 devotione
519 3273 592 3329 cleri
610 3279 641 3327 et
657 3272 751 3344 plcbis
765 3271 821 3326 sibi
834 3273 1012 3328 occurrentis
1028 3281 1181 3346 susceptus
1199 3275 1230 3329 in
1247 3274 1396 3331 civitatem

178 3336 256 3436 yyork·
286 3336 302 3370 ⁸
347 3359 507 3432 perductus
526 3358 580 3413 est.
620 3357 695 3414 Cum
714 3363 811 3412 autem
830 3355 909 3412 ultra
931 3365 1048 3428 pontem
1072 3357 1133 3414 Use
1157 3365 1226 3415 tunc
1252 3359 1393 3430 ligneum,

349 3444 510 3498 comitante
529 3442 614 3513 plebe
632 3441 794 3503 innumera,
814 3439 961 3504 transiret,
981 3440 1099 3512 dirupta
1124 3459 1184 3513 pras
1208 3443 1308 3513 populi
1325 3461 1396 3515 pon·

348 3526 508 3581 derositate
527 3525 619 3596 lignei
637 3524 734 3596 pontis
753 3530 911 3589 structura,
924 3542 1031 3596 magna
1047 3525 1178 3580 virorum
1194 3543 1227 3581 ao
1239 3526 1396 3583 mulierum

351 3617 381 3666 et
408 3611 556 3682 praecipuo
585 3609 741 3664 infantium
766 3607 925 3662 multitudo
949 3608 980 3662 in
1006 3609 1182 3679 profundum
1207 3610 1336 3667 fluminis
1361 3630 1396 3667 ex

347 3694 405 3750 alto
424 3711 574 3759 corruens,
589 3693 666 3749 inter
683 3691 785 3762 rapida
802 3690 886 3745 fluvii
905 3691 1012 3746 fluenta
1029 3692 1220 3762 periclitando
1237 3694 1393 3751 volutabat.

347 3778 431 3848 Quod
448 3794 515 3833 cum
534 3776 667 3833 audisset
690 3782 807 3831 sanctus
825 3782 908 3845 pater
926 3774 1114 3841 willielmus,
1134 3776 1200 3833 fusa
1217 3795 1283 3832 cum
1301 3779 1395 3851 lacry-

346 3862 403 3917 mis
423 3861 460 3917 sd
478 3861 639 3916 Dominum
666 3859 794 3915 oratione
823 3875 860 3912 ne
887 3876 940 3929 pro
968 3876 1002 3913 co
1030 3858 1127 3914 Deum
1152 3860 1304 3918 laudantes
1331 3881 1396 3934 pro-
1458 3924 1463 3937 ,

348 3946 474 4002 fundum
495 3944 674 4009 absorberet,
695 3943 861 3998 submersos
881 3941 966 4013 signo
984 3943 1079 3998 crucis
1103 3943 1248 4016 signavit3
1276 3951 1306 4001 et
1329 3964 1396 4001 mox

347 4048 408 4086 suae
427 4029 567 4085 orationis
587 4028 697 4083 virtute
716 4026 869 4081 universos
887 4042 905 4079 a
922 4026 1052 4097 periculo
1076 4028 1188 4093 mortis,
1209 4036 1395 4085 succurrente

178 4095 333 4214 fffissl'm·
345 4124 445 4180 divina
456 4124 574 4195 pietate,
590 4120 735 4176 liberavit.
772 4109 821 4175 At
836 4115 951 4197 postea
965 4112 1163 4177 monasterio
1178 4112 1218 4178 dc
1234 4113 1396 4178 Fontibus

378 4421 385 4451 ¹
403 4417 516 4470 william
527 4415 843 4480 Fitaherbertstylcdwc
926 4403 976 4451 'et
986 4400 1038 4452 ab.
1055 4438 1062 4452 .
1079 4401 1232 4470 abundat]
1252 4404 1394 4472 differently

892 4482 994 4532 worded
1005 4482 1031 4531 in
1043 4481 1070 4532 S.

925 4563 935 4592 ¹
951 4561 1023 4626 ruas]
1041 4576 1111 4612 meus
1122 4561 1150 4613 iu
1160 4562 1187 4615 S.

343 4627 481 4682 canonissd
492 4628 526 4693 by
537 4641 601 4692 pope
611 4624 792 4677 NicholasIII.
925 4641 1016 4690 ‘1³54
1026 4639 1054 4690 i„
1065 4639 1122 4693 us·

344 4528 360 4554 “
379 4522 512 4587 Thwayt”
550 4522 585 4587 by
613 4535 661 4570 our
693 4519 842 4582 chronicler,
