3256 5692
348 822 414 887 366
671 835 769 885 nuso
791 833 900 886 anam
921 835 1082 895 oumrus.

116 1020 117 1024 ’
182 1012 417 1077 Δ.Ι).19103ιιίε
448 1011 600 1098 quaedam
633 1012 781 1088 calearia,
822 1011 929 1098 pretio
955 1015 976 1075 4
1007 1010 1218 1076 denariorum
1253 1014 1394 1075 tantum.

179 1091 272 1137 ⁴²²⁰·
349 1114 400 1180 ne
433 1136 500 1200 qua
532 1135 690 1179 mamma
715 1119 865 1200 tempore
888 1113 1061 1179 uranum
1081 1113 1216 1179 neuen
1239 1116 1260 1177 a
1282 1117 1396 1200 posta

181 1221 303 1277 colsano.
347 1217 515 1283 referetur.
551 1216 717 1284 Robertus
738 1217 842 1285 etiam
857 1214 1050 1284 Ookerellus
1072 1217 1115 1282 de
1137 1215 1290 1283 Coldona
1304 1216 1397 1282 dedit

348 1320 445 1387 nobie
468 1324 490 1386 4
511 1320 652 1387 bovatas
673 1325 772 1388 terrae
792 1342 868 1387 oum
898 1320 1007 1386 tribus
1036 1320 1132 1387 tostis
1165 1321 1203 1386 in
1238 1319 1395 1399 Coldona,

347 1423 495 1511 exceptis
524 1423 593 1489 viii
622 1423 706 1490 aeris
737 1428 837 1490 terras
876 1424 918 1488 de
955 1422 1125 1510 praedietis
1162 1423 1223 1509 iiij.
1255 1422 1395 1502 bovatis,

349 1541 432 1612 quas
454 1525 519 1592 sibi
540 1526 722 1592 reservavit
744 1526 788 1592 ad
809 1525 996 1592 faciendum
1011 1525 1207 1592 forinsecum
1222 1526 1396 1592 servitium

349 1629 438 1716 quod
459 1629 584 1696 eaedem
604 1634 626 1695 4
648 1629 781 1696 bovata
803 1628 909 1695 faeere
932 1633 1183 1695 oonsueverunt
1230 1629 1399 1696 Pmara

350 1732 444 1798 dedit
465 1731 561 1797 nobie
589 1736 760 1818 pasturam
790 1731 1006 1797 sufficientem
1035 1730 1105 1797 viii.
1134 1731 1244 1797 bobus
1265 1731 1398 1817 ubique·

350 1856 424 1899 eum
445 1833 567 1900 averiis
589 1834 666 1914 suis,
682 1834 717 1899 in
732 1834 898 1899 dominim
910 1837 1048 1920 pastura
1061 1854 1122 1900 sua
1134 1833 1285 1919 ejusdem
1298 1833 1397 1899 villae

351 1937 518 2024 Deditque
540 1936 645 2016 nobis,
664 1957 900 2024 eumoomore
922 1957 984 2011 suo
1006 1936 1096 2023 apud
1117 1957 1179 2013 nos
1198 1935 1399 2023 sep-e,iiendo

199 2099 270 2135 una.
348 2061 450 2105 unam
472 2039 636 2105 culturam
658 2039 695 2103 in
716 2039 806 2104 dieta
828 2036 932 2104 villa¹
949 2060 1024 2105 oum
1046 2043 1142 2125 prato
1163 2038 1349 2125 adjacente,
1364 2044 1397 2104 et

349 2143 431 2208 alias
460 2142 543 2208 drms
576 2141 716 2206 bovatas
748 2145 846 2207 terrae
879 2162 956 2207 eum
985 2162 1053 2206 uno
1084 2140 1172 2207 tosto
1208 2142 1248 2206 in
1282 2140 1395 2207 eadem

349 2245 438 2310 villa
484 2244 590 2330 Cujus
610 2243 700 2308 filius
734 2243 909 2320 Robertus,
933 2264 1007 2308 eum
1041 2242 1262 2309 hereditatem
1291 2242 1397 2329 patris

349 2348 401 2412 sui
423 2348 539 2414 firiseet
560 2352 738 2424 assecutus,
752 2345 961 2412 confirmavit
983 2346 1080 2411 nobis
1095 2367 1207 2412 omnes
1222 2346 1397 2431 praedictas

349 2451 555 2531 donationes,
586 2448 647 2515 et²
668 2450 821 2536 promisit
851 2449 955 2528 nobis,
985 2470 1024 2514 ao
1053 2448 1153 2514 tactis
1183 2447 1399 2514 saerosanctis

350 2553 530 2639 evangeliis
563 2553 739 2619 voluntate
772 2556 954 2640 spontanea
979 2550 1118 2637 juravit,
1149 2551 1239 2638 quod
1270 2551 1398 2617 nemini

349 2655 495 2741 aliquam
508 2659 638 2741 partem
661 2651 726 2720 de⁸
740 2654 941 2741 patrimonio
963 2675 1022 2720 suo
1045 2653 1148 2733 daret,
1164 2653 1329 2720 venderet
1340 2674 1398 2720 seu

348 2757 546 2833 invadiaret‚
579 2757 649 2821 aine
679 2755 815 2821 oonsilio
845 2761 960 2822 nostro
989 2761 1025 2822 et
1046 2756 1230 2835 voluntate,
1252 2777 1314 2822 nee
1339 2755 1397 2821 ali·

349 2860 442 2946 eujus
464 2859 600 2925 oonsilio
621 2859 840 2944 acquiesceret
869 2856 958 2944 quod
989 2863 1075 2924 esset
1103 2863 1222 2924 contra
1251 2863 1398 2924 nostram

349 2963 541 3029 libertatem
572 2967 608 3028 et
637 2961 856 3027 voluntatem.
902 2959 976 3027 Nee
997 2966 1113 3026 temen
1135 2961 1265 3048 aliquas
1287 2961 1398 3048 plures

350 3072 454 3130 terras
475 3065 512 3129 in
535 3064 625 3129 diota
639 3063 720 3128 villa
736 3063 904 3128 valuimus
927 3063 1085 3143 obtinere,
1100 3063 1160 3129 sed
1184 3085 1246 3129 nee
1261 3064 1398 3151 adeptas

221 3195 273 3230 oso
352 3167 435 3234 diu⁴
463 3168 695 3233 retinebamus.
752 3166 841 3229 Nam
875 3165 1084 3252 praescriptas
1107 3166 1290 3231 enovata
1324 3189 1398 3233 eum

192 3263 223 3296 ¹²¹¹
350 3277 486 3359 pastura
517 3273 538 3333 8
568 3270 675 3335 bobus
706 3268 867 3332 Ricardus
905 3268 1007 3332 abbas
1039 3265 1090 3338 7¹¹⁸
1128 3267 1265 3333 Matheo
1302 3268 1396 3334 fratri

351 3381 385 3440 et
407 3373 520 3438 heredi
552 3373 635 3438 dieti
669 3371 808 3435 Roberti
838 3369 883 3434 ad
910 3370 999 3435 feodi
1025 3369 1155 3434 firmam
1178 3393 1238 3456 pro
1261 3371 1398 3438 dimidia

351 3498 460 3540 marea
475 3497 587 3540 annua
601 3474 797 3540 retr-adebat.
844 3472 910 3538 Sed
933 3478 967 3538 et
989 3472 1048 3537 illa
1070 3471 1209 3538 dimidia
1230 3496 1343 3540 marea
1356 3497 1397 3539 ex

351 3600 503 3666 praeessu
533 3576 692 3663 temporis
729 3579 779 3639 est
810 3576 968 3661 neglecta.
1025 3574 1175 3661 Reliquae
1206 3597 1285 3642 vero
1324 3578 1397 3642 duae

181 3700 337 3754 Estheitfeld
351 3682 481 3745 bovatae
496 3685 530 3744 et
546 3680 677 3744 cultura
692 3676 736 3742 ad
751 3699 833 3763 quos
849 3677 1046 3743 devenerint
1060 3678 1244 3764 ignoratur.
1290 3679 1399 3746 Idem-

350 3805 412 3869 que
435 3782 537 3847 abbas
560 3781 662 3868 Hugo
691 3780 851 3845 concessit
880 3780 924 3844 ad
953 3779 1042 3845 feodi
1076 3780 1208 3844 firmam
1232 3781 1397 3848 Willelmo

348 3886 417 3951 filio
440 3884 582 3952 Galfridi
604 3884 645 3950 de
672 3882 919 3968 Wythornwyk
941 3904 1043 3947 unam
1065 3883 1223 3949 bovatam
1246 3892 1280 3951 et
1302 3886 1398 3951 dimi·

350 3989 440 4053 diam
472 3995 570 4054 terrae
605 3991 639 4052 et
671 4007 775 4050 unum
805 3984 960 4063 clausum,
993 3989 1103 4050 totum
1126 3986 1281 4053 videlieet
1311 3989 1399 4075 quod

351 4093 526 4158 habuimus
552 4093 589 4154 in
615 4087 829 4174 Estheytfeld
862 4089 904 4154 ds
930 4086 1097 4154 Willelmo
1120 4089 1198 4156 Tele
1220 4096 1255 4157 et
1278 4091 1398 4158 Balde-

181 4197 316 4315 gguheit·
350 4196 438 4260 wino
462 4194 608 4280 Tyrrell3
639 4196 674 4257 et
697 4191 780 4256 duas
803 4190 944 4256 bovatas
967 4211 1041 4255 eum
1068 4194 1088 4256 3
1112 4191 1304 4258 sallionibus
1324 4216 1398 4280 quse

384 4500 475 4550 ¹dicta
505 4496 575 4563 villa]
619 4494 747 4547 territorio
777 4493 851 4546 diota
893 4494 1081 4558 postaeisinam
1092 4496 1256 4547 indefectam
1277 4498 1386 4563 depann'

349 4580 426 4640 villan,
438 4580 468 4630 P,
893 4574 979 4625 monio
991 4589 1036 4625 suo
1047 4576 1074 4624 in
1086 4576 1209 4638 conone,
1221 4577 1250 4627 P.

926 4652 1160 4706 ⁸Afterdeinsert
1171 4655 1248 4717 dicto,
1259 4656 1290 4707 P.

381 4741 392 4770 ²
408 4738 484 4790 Ater
495 4744 518 4788 et
528 4731 851 4800 insert,innaqnindenan
925 4733 935 4763 ⁴
951 4732 1119 4802 masada]
1133 4734 1191 4788 illas
1201 4743 1231 4787 ut
1240 4737 1393 4799 deeebatP.
