3232 5692
516 781 654 829 THOMAS
676 780 786 827 turns
807 780 961 828 ruamus,
1196 765 1260 832 237

218 952 344 1024 presciti
372 953 659 1007 commemoratoriis.
711 951 769 1006 Sed
792 969 844 1005 rex
870 969 1041 1022 responsum
1071 969 1164 1021 usque
1188 951 1263 1004 Lon·
1275 957 1419 1008 A.1).nea

218 1036 319 1091 donias
353 1036 537 1107 prorogabat.
593 1035 721 1091 Tandem
751 1053 818 1089 cum
847 1035 934 1090 multi
963 1035 1000 1089 ad
1028 1036 1263 1106 praedicationem
1274 1028 1364 1074 4187.

218 1129 391 1200 patriarchae
415 1146 449 1182 ac
467 1128 627 1182 Baldewiui
645 1119 877 1204 archiepiscopi
896 1144 981 1181 cruce
999 1127 1193 1196 signarentur,
1214 1144 1264 1180 rex
1275 1109 1310 1223 δῖ,
1321 1109 1416 1187 Hffi‘.

218 1221 367 1276 Henricus
394 1220 544 1291 respondit
571 1220 650 1291 quod
676 1227 769 1274 terras
795 1238 862 1274 suas
888 1218 997 1289 absque
1020 1218 1113 1274 tutela
1130 1184 1430 1291 desereressssffi’ssssm'

219 1321 277 1358 nou
295 1312 401 1375 posset,
428 1320 480 1358 nec
507 1304 686 1380 Francorum
704 1304 856 1375 rapacitati
886 1321 934 1357 eas
959 1319 1111 1372 exponere,
1131 1302 1182 1356 sed
1200 1319 1264 1372 pro·
1276 1307 1423 1358 Jerusalem

219 1387 327 1443 ficisci¹
354 1388 485 1442 volentes
512 1388 713 1442 abundanter²
739 1388 775 1442 do
801 1407 854 1443 suo
882 1387 1048 1457 respiceret.
1095 1386 1151 1441 Cui
1176 1386 1265 1457 patri·

219 1472 325 1526 archa:
360 1471 477 1525 “Nihil
503 1512 510 1526 .
539 1513 545 1526 .
573 1512 580 1524 .
617 1472 692 1542 agis,
723 1489 783 1526 rex.
832 1472 999 1541 Principem
1019 1471 1187 1540 quaerimus,
1207 1487 1264 1523 nou

222 1560 241 1582 ‘¹
260 1556 422 1627 pecuniam.
484 1554 628 1623 Quaelibet
656 1573 738 1626 paene
768 1574 836 1627 pars
869 1555 972 1608 mundi
1000 1555 1152 1625 pecuniam
1181 1554 1265 1608 nobis

223 1640 242 1664 ‘¹
261 1639 362 1701 mittit,
392 1637 445 1691 scd
471 1639 633 1709 principem
659 1639 750 1693 nulla.
798 1639 905 1694 Virum
934 1638 1027 1708 igitur
1055 1639 1183 1709 petimus
1214 1638 1266 1708 qui

149 1747 151 1752 ·
223 1725 241 1749 ‘⁴
263 1722 414 1792 pecuniam
433 1721 556 1792 indiget,
576 1740 632 1776 non
651 1723 803 1793 pecuniam
823 1741 887 1794 quae
905 1722 969 1777 viro
987 1722 1084 1794 eget.”
1132 1722 1267 1777 Recessit

221 1805 314 1876 igitur
325 1805 493 1875 patriarcba
506 1823 556 1875 spe
570 1805 737 1861 frustratus.
769 1805 862 1875 Quem
879 1824 930 1860 rex
949 1824 1042 1876 usque
1061 1806 1097 1860 ad
1109 1824 1189 1861 mare
1200 1824 1266 1876 pro·

222 1888 407 1959 sequebatur,
422 1893 455 1941 ut
467 1888 513 1942 vel
529 1886 598 1958 [sic]
612 1890 757 1943 consuetis
776 1889 926 1944 blanditiis
944 1889 1086 1943 offensum
1104 1890 1264 1961 mitigaret.

222 1971 278 2026 Cui
296 1971 338 2024 ait
355 1969 538 2041 patriarcha:
561 1971 744 2026 “Hactenus
771 1973 901 2041 regnasti
921 1973 1065 2043 gloriose;
1094 1974 1147 2027 sed
1164 1973 1266 2028 amodo
1279 1983 1327 2032 His
1338 1998 1395 2047 pro-

224 2057 242 2081 “
262 2060 292 2109 te
310 2054 426 2108 deseret
444 2071 529 2123 quem
555 2059 588 2107 tu
617 2054 782 2110 deseruisti.
829 2055 935 2110 Recole
961 2075 1025 2126 quse
1052 2056 1193 2111 Dominus
1212 2057 1265 2111 tibi
1279 2050 1402 2128 ΡῙξθθῖθῙ

224 2141 243 2165 “
263 2138 387 2192 contulit
405 2143 435 2190 et
453 2137 579 2206 qualiter
605 2137 651 2191 illi
678 2138 857 2208 rependisti;
886 2140 1028 2209 quomodo
1052 2141 1116 2211 regi
1135 2141 1266 2195 Franciae
1278 2116 1389 2232 ΕΜῨΟἘ)

224 2223 243 2247 “
263 2219 389 2275 infidus³
415 2220 508 2282 suisti,
528 2220 646 2274 beatum
668 2222 808 2275 Thomam
834 2223 976 2287 occidisti,
997 2230 1028 2277 et
1053 2241 1129 2277 nunc
1154 2198 1378 2313 proteo-1332y

224 2307 243 2331 “
262 2305 371 2359 tionem
390 2304 623 2359 Christianorum
637 2304 798 2374 abjecisti.'’
818 2304 951 2376 Cumque
970 2305 1080 2361 adhaec
1098 2325 1149 2361 rex
1167 2325 1268 2361 excan-

222 2387 363 2451 desceret,
383 2388 490 2442 obtulit
513 2387 539 2440 ei
564 2387 729 2456 patriarcba
746 2393 833 2458 caput
858 2407 944 2443 suum
963 2396 993 2444 et
1010 2391 1126 2454 collum,
1147 2391 1267 2445 dicens:

224 2472 244 2496 “
264 2470 323 2525 Fac
348 2470 384 2524 de
402 2488 449 2524 me
469 2470 546 2538 quod
565 2469 601 2524 de
620 2470 731 2524 Thema
756 2471 860 2525 fecisti.
899 2471 981 2526 Adeo
1003 2473 1070 2526 volo
1094 2473 1186 2527 occidi
1205 2491 1222 2527 a
1240 2481 1269 2528 te

224 2556 243 2579 “
263 2554 294 2607 in
310 2553 421 2623 Anglia
432 2553 508 2606 sicut
519 2571 536 2606 a
555 2552 723 2607 Sarracenis
735 2553 766 2606 in
780 2552 867 2616 Sirio,
882 2555 951 2624 quia
968 2560 1001 2609 tu
1019 2556 1097 2609 omni
1110 2556 1270 2611 Sarraceno

224 2636 344 2706 “pejor
363 2636 425 2690 cs.’'
463 2636 519 2689 Cui
537 2653 608 2689 rex:
631 2636 693 2690 “Si
712 2654 811 2690 omnes
830 2636 960 2691 homines
979 2637 1037 2691 mei
1055 2656 1146 2693 unum
1164 2657 1270 2710 corpus

224 2721 243 2745 ‘⁸
263 2724 368 2782 essent,
388 2736 504 2787 unoque
535 2735 584 2772 ore
614 2719 812 2788 loquerentur,
841 2737 899 2773 uon
928 2720 1069 2776 auderent
1096 2722 1168 2776 talia
1197 2723 1271 2777 mihi

225 2805 243 2830 ⁸‘
261 2802 389 2857 dicere.”
428 2801 483 2857 Cui
509 2801 578 2855 ille:
603 2802 701 2856 “Non
719 2809 765 2857 est
781 2803 905 2869 mirum;
927 2805 996 2875 quia
1014 2811 1065 2860 tua
1082 2824 1139 2860 non
1157 2812 1186 2860 te
1204 2807 1270 2860 dili·

225 2888 244 2912 “
264 2891 346 2957 gunt.
384 2885 536 2940 Praedam⁴
563 2903 619 2938 non
637 2885 785 2939 hominem
805 2888 939 2956 sequitur
956 2888 1044 2941 turba
1072 2889 1151 2944 ista.⁵
1189 2891 1271 2945 Tune

224 2973 244 2997 “
264 2988 331 3024 rex:
355 2969 532 3023 “Recedere
550 2986 607 3021 nou
624 2986 754 3039 possum,
775 2971 844 3039 quia
856 2970 909 3024 filii
927 2971 986 3024 mei
1003 2972 1158 3042 insurgent
1175 2973 1205 3026 in
1223 2974 1272 3026 ab·

224 3055 244 3079 ‘⁴
264 3052 405 3106 sentem.”
442 3051 498 3105 Cui
517 3052 587 3116 illa,
610 3051 666 3104 “N
668 3069 700 3106 ec
713 3052 836 3117 mirum;
857 3053 979 3123 quiade
997 3054 1112 3110 diabolo
1129 3063 1273 3111 venerunt

225 3140 244 3164 “
264 3136 348 3191 etad
366 3136 514 3189 diabolum
533 3135 647 3190 ibunt.’'

225 3407 304 3474 Car.
330 3408 389 3473 IX.
413 3409 464 3473 De
485 3406 646 3472 mirabili
668 3406 800 3473 visione
822 3408 918 3493 aqaod
938 3409 1218 3496 Danetapulam;
1241 3416 1371 3475 attale.

315 3509 409 3575 obitu
425 3508 580 3594 aelfredi
603 3507 737 3574 comitis
759 3509 956 3574 Britannica
973 3535 984 3587 ,·
1008 3510 1048 3575 de
1066 3510 1270 3596 profectione

312 3611 485 3676 Freclera’ci
507 3609 726 3695 imperatorie
750 3631 864 3675 veresas
888 3611 1027 3676 Teanum
1052 3613 1215 3677 Sanctam
1241 3619 1272 3678 et

313 3712 383 3798 ejus
405 3711 496 3777 obita
512 3736 526 3790 ,·
557 3712 596 3776 da
626 3711 738 3776 abbata
760 3711 920 3777 Joacttm
949 3712 992 3777 io
1023 3712 1184 3780 Calabria
1194 3738 1208 3792 ;
1232 3716 1271 3781 de

311 3814 483 3900 proposito
507 3835 624 3898 repam
646 3813 805 3878 Francia
828 3821 857 3880 et
872 3814 1012 3899 Anytus
1024 3816 1272 3901 pampilonam·

316 3938 431 3982 aereae
463 3917 602 3981 Terram
632 3915 797 3982 Sanctam
809 3941 822 3994 ;
856 3915 896 3981 de
927 3915 1057 3982 decima
1079 3939 1102 3982 a
1124 3917 1209 3983 clero
1243 3925 1272 3984 et

310 4017 437 4104 popolo
460 4024 585 4083 eatena
593 4040 607 4095 ;
631 4024 661 4082 et
683 4017 854 4083 discordia
878 4018 970 4084 inter
990 4017 1082 4104 a'paoa
1103 4040 1199 4104 repes.

271 4183 344 4246 Rex
360 4202 436 4268 ergo
458 4181 528 4267 ipse
551 4203 625 4245 cum
649 4180 723 4245 aliis
739 4181 781 4245 ad
804 4181 1007 4247 liberandam
1022 4182 1153 4249 Terram
1170 4183 1270 4250 Sauc-
1284 4136 1440 4254 illlum

226 4293 297 4352 tam
319 4284 359 4349 de
383 4272 568 4348 Sarracenis
590 4283 638 4347 ire
661 4283 869 4370 proponebat
916 4285 970 4349 Ad
993 4284 1085 4370 cujus
1105 4308 1271 4373 expensas,
1284 4280 1438 4412 {³¹ssin

1285 4429 1319 4478 go
1329 4423 1356 4465 to
1367 4416 1409 4467 the

261 4503 638 4570 ¹p20fi0o01]pms0asr,irs.
809 4504 961 4571 «aream
981 4507 1177 4569 Paccianis.
1288 4481 1437 4546 uoiynrnc.

261 4585 271 4615 ²
287 4582 452 4647 abundanter]
471 4583 650 4646 habundanter,
662 4582 718 4634 MS.
808 4583 818 4612 ⁸
835 4584 896 4649 isto]
914 4585 958 4647 ita,
969 4585 1000 4636 R.
1013 4585 1046 4637 Η,

261 4665 271 4693 ⁸
289 4661 392 4727 infidus]
411 4660 511 4712 insidiis
522 4661 548 4711 iu
560 4661 617 4712 MS.
