3256 5692
473 803 649 857 molanus
669 805 778 855 senas
800 804 975 856 ssrrrnns
1183 788 1250 863 437

199 975 329 1034 Henrico
355 980 468 1038 werdae
497 981 640 1038 heredum
669 987 700 1037 et
728 986 876 1037 terrarum
906 996 1043 1044 suarum3
1082 978 1162 1050 quod
1190 978 1248 1035 suit
1263 975 1329 1028 Μ).
1342 982 1405 1028 1216

199 1061 318 1117 initium
341 1064 503 1122 multorum
526 1065 671 1122 malorum
695 1063 726 1120 in
743 1063 863 1136 Anglia.
901 1063 941 1120 ns
963 1064 1023 1120 cito
1040 1069 1107 1135 post
1123 1065 1178 1120 hoc
1196 1080 1248 1118 rex
1259 1047 1351 1094 4234.

200 1145 348 1203 Henricus
367 1149 497 1221 cepit15
516 1148 669 1206 denarios¹
688 1153 851 1221 pertatem
869 1147 1019 1218 Angliam.
1056 1147 1141 1204 Anno
1159 1147 1248 1218 hujus
1261 1120 1388 1238 efflfi’s

200 1230 281 1299 regis
300 1231 344 1296 13,
364 1231 529 1288 celebrante
554 1234 692 1304 episcopo
720 1231 916 1289 Iscndcniensi
940 1230 972 1286 in
999 1232 1124 1288 ecclesia
1148 1231 1250 1287 Sancti
1262 1206 1387 1308 osheinp

199 1313 295 1379 Pauli,
315 1315 392 1371 facta
409 1320 455 1372 est
472 1321 553 1372 tanta
569 1317 693 1372 nubium
711 1316 841 1373 densitas
859 1320 890 1372 et
907 1315 979 1371 solis
992 1315 1166 1382 obscuritas,
1181 1333 1249 1370 cum
1262 1321 1293 1370 cf
1299 1321 1343 1372 the

200 1397 330 1453 tonitruo
349 1404 380 1454 et
406 1399 522 1472 fulgore
552 1418 587 1456 ac
613 1401 719 1456 foetcre
742 1398 931 1464 intolerabili,
951 1404 986 1455 ut
1002 1399 1129 1470 populus
1147 1398 1248 1463 exiret,
1262 1388 1370 1454 ⁰⁰bffiit'

199 1480 304 1536 relicto
321 1481 432 1537 ibidem
450 1483 586 1555 episcopo
604 1501 673 1541 curn
691 1500 744 1540 suo
761 1483 905 1540 ministro.
936 1483 1002 1539 Hoc
1014 1499 1089 1539 anno
1101 1482 1250 1538 Henricus
1263 1455 1418 1547 ”thim

199 1581 252 1619 rex
270 1567 415 1624 concessit
431 1567 610 1640 Angligenis
635 1568 743 1624 multas
766 1568 930 1634 libertates,
950 1567 1003 1622 sed
1020 1565 1135 1639 accepit
1152 1566 1188 1622 ab
1207 1568 1250 1622 eis
1263 1531 1387 1659 {w}
1394 1625 1410 1661 a

202 1647 236 1703 15
254 1655 372 1721 partem
388 1651 532 1708 bonorum
559 1670 692 1718 snorum,
713 1657 747 1708 ut
764 1654 955 1724 recuperaret
971 1650 1086 1706 terras²
1108 1656 1250 1706 transmu-
1262 1680 1340 1724 ,tom
1351 1675 1378 1725 i„

199 1731 280 1788 rines
299 1751 371 1805 quas
389 1753 441 1791 rex
459 1736 593 1792 Francia
612 1740 806 1807 occupaverat
822 1754 841 1791 a
857 1740 989 1806 tempore
1007 1734 1088 1804 regis
1107 1734 1127 1789 J
1129 1734 1249 1790 ohannis
1264 1740 1300 1790 St
1313 1741 1398 1792 Paul's

200 1804 305 1888 patris
330 1806 389 1872 sui.
446 1814 532 1872 Unde
559 1833 627 1872 cunr
652 1833 742 1870 manu
770 1814 870 1872 valida
895 1813 1120 1885 transnavigans
1145 1830 1250 1884 parum
1262 1805 1366 1870 ehumhs

201 1894 334 1962 profecit.
371 1895 540 1951 Willelmus
567 1894 604 1950 de
623 1895 742 1951 Breues
760 1895 928 1967 inculpatus
946 1911 1000 1965 pro
1018 1910 1108 1948 uxore
1126 1892 1250 1949 Lewlini
1262 1872 1378 1924 L⁰¹¹d⁰¹¹·

86 2019 89 2023 .
200 1975 342 2049 principis
372 1978 489 2034 Walliec
515 1979 715 2035 incarceratur
745 1983 775 2034 et
801 1977 1008 2049 suspenditur;
1040 1975 1117 2031 unde
1142 1951 1391 2078 masslstffbrsarntisgz

200 2053 347 2112 discordia
363 2057 441 2114 inter
458 2076 561 2129 regem
579 2063 610 2113 et
627 2057 791 2113 Lewlinum
808 2061 872 2112 orta
888 2063 944 2113 est.
982 2049 1082 2112 Anno
1098 2045 1141 2115 17
1163 2067 1249 2134 reng
1262 2085 1313 2133 ,nd
1323 2084 1382 2149 ιω
1392 2085 1424 2134 of

199 2133 298 2220 hujus
321 2136 513 2205 Fredericus
545 2138 725 2225 imperator
757 2137 857 2203 duxit
887 2137 923 2201 in
946 2157 1082 2201 uxorem
1104 2157 1246 2202 sororem
1261 2151 1418 2214 subsidysor

200 2237 286 2323 regis
309 2238 455 2306 Henrici.
503 2240 577 2320 Quo
610 2261 698 2306 anno
729 2238 753 2304 J
755 2239 842 2305 udaei
872 2237 1009 2304 adducti
1038 2243 1118 2303 sunt
1140 2259 1248 2302 coram
1260 2229 1381 2348 mg?
1391 2217 1424 2269 ⁰¹

200 2359 275 2423 rege
308 2341 397 2425 apud
436 2341 773 2420 westmonasterium,
812 2362 872 2427 pro
908 2361 948 2405 eo
984 2340 1073 2426 quod
1109 2359 1248 2427 puerum
1261 2349 1425 2412 posoeuions.

200 2440 365 2525 quendam
399 2443 488 2530 apud
522 2442 713 2510 Norwicum
745 2442 993 2522 absconderant,
1016 2446 1051 2507 et
1080 2446 1156 2529 pcst
1186 2442 1248 2507 cir·
1262 2428 1417 2546 3¹3&ss

200 2541 429 2618 cumcisionenr
453 2547 548 2633 pueri
564 2566 640 2611 eum
656 2544 856 2612 crucifixisse
869 2549 1117 2632 proposuerant.
1148 2543 1406 2612 tuncassos.

200 2641 336 2708 Domini
358 2648 466 2727 ‘1235‚
490 2653 526 2712 et
559 2647 645 2735 regis
677 2645 777 2733 hujus
801 2650 854 2724 18,
884 2646 973 2712 idem
999 2668 1060 2711 rex
1083 2638 1380 2756 Hemicmtlirrsedseiic

198 2747 326 2832 accepit
348 2746 384 2812 in
407 2770 544 2815 uxorem
565 2749 670 2814 filiam
693 2749 833 2815 comitis'
846 2748 1031 2814 Provinciae
1046 2748 1248 2826 Alienorum,
1262 2722 1418 2823 rormsffi'es

199 2845 322 2912 Sancto
352 2848 529 2914 Edmundo
559 2854 640 2915 tunc
663 2848 897 2915 Cantuariensi
919 2848 1158 2935 archiepiscopo
1181 2870 1249 2911 ma·
1261 2835 1388 2954 wlff
1388 2854 1401 2889 ⁸

200 2946 393 3012 trimcninm
417 2948 610 3014 celebrante
658 2948 761 3034 Cujus
783 2947 948 3015 Aliencue
978 2970 1120 3013 sororem
1147 2949 1248 3013 Blan·
1263 2980 1376 3032 circum-

198 3070 270 3113 cam
286 3047 480 3114 Lodowicus
502 3071 562 3114 rex
582 3048 732 3115 Franciae
753 3049 973 3135 desponsavit
1019 3050 1070 3115 De
1092 3049 1249 3136 praedicta
1262 3045 1383 3098 cisissos

86 3177 91 3187 ¹
197 3154 311 3214 autem
333 3149 491 3215 Alienora
512 3151 630 3236 genuit
655 3172 714 3216 rex
737 3150 903 3216 Henricus
926 3151 1129 3217 Edwardum
1152 3173 1247 3216 suum
1262 3115 1384 3231 3323,ssss

198 3251 465 3338 primogenitum,
503 3258 619 3338 postea
651 3273 771 3340 regem,
808 3257 844 3318 et
882 3252 1095 3317 Edmundum
1133 3261 1248 3339 postea
1262 3246 1385 3338 bstss.

198 3352 351 3419 comitem
373 3353 580 3438 Isycsstriae,
605 3354 827 3440 Margaretam
850 3354 999 3440 reginam
1020 3354 1148 3432 Scotiae,
1165 3355 1246 3420 Bea-
1260 3324 1416 3457 Ξὶῶξζξῖζ

198 3455 313 3522 tricem
344 3455 547 3521 comitissam
571 3455 765 3534 Britannice,
789 3459 823 3522 et
854 3454 1053 3521 Katerinam
1084 3456 1246 3544 virginem
1262 3457 1371 3508 Bressos
1382 3460 1414 3508 of

198 3556 233 3622 in
255 3556 447 3645 religionem
470 3557 653 3625 obeuntem.
1262 3523 1399 3576 Prsvence.

288 3843 367 3911 Otr.
392 3841 472 3910 XII.
496 3840 546 3908 Dc
567 3840 690 3908 Sancto
712 3839 898 3907 Edmuudo
923 3839 1166 3908 Ouattvurieusc'

598 3940 851 4029 archiepiscopo.

31 4119 186 4189 Rfflsta,
241 4112 340 4179 Anno
363 4110 501 4178 Domini
525 4113 612 4175 1228
635 4113 671 4176 et
694 4108 781 4196 regis
803 4106 904 4194 hujus
920 4110 960 4173 11
989 4115 1063 4174 obiit
1082 4117 1247 4192 Stephanus
1261 4130 1330 4182 A.1).
1341 4136 1405 4182 raas

31 4187 79 4241 ⁰⁰¹⁰
90 4193 166 4244 ²⁴³⁰·
198 4215 418 4274 cantuariensis
437 4214 686 4287 archiepiscopus,
706 4212 758 4285 qni
782 4210 911 4269 Bibliam
929 4211 1008 4284 apud
1025 4212 1158 4271 Parisios
1177 4233 1247 4287 quo·
1261 4201 1353 4289 ἸΨ

197 4302 280 4368 ava,
307 4301 417 4356 tibrum
435 4299 552 4371 sogum
577 4297 720 4371 exposuit,
740 4297 831 4354 viam
858 4295 938 4367 rega
966 4296 1087 4353 aissa
1113 4297 1244 4365 assavit,
1260 4275 1356 4326 ΨΜ

197 4386 349 4456 multaque
367 4384 426 4440 alia
442 4383 596 4440 industrius
615 4400 676 4438 suae
694 4399 783 4454 opera
799 4380 924 4454 posteris
943 4380 1074 4452 reliquit.
1113 4381 1169 4438 cui
1182 4400 1246 4438 suc·
1260 4341 1407 4472 ffissnffn

197 4465 307 4522 cessit.
324 4463 472 4521 ‚cocleas
484 4461 698 4520 Lincclniensis
710 4461 846 4517 decanus.
868 4449 941 4529 Sed,
959 4451 1030 4540 ipso
1045 4452 1134 4516 infra
1149 4453 1245 4537 quin·
1259 4473 1416 4542 archbishop

396 4615 1245 4626 ...ω-Ἦ-.-

234 4713 240 4743 ¹
262 4717 291 4763 1⁵
306 4711 434 4778 denarios]
453 4709 703 4777 quintamdecimam,
783 4708 901 4774 ἰανω]
920 4707 1055 4775 pertrait
1067 4707 1101 4760 Η.

201 4791 233 4843 ll.
245 4789 279 4843 H.
