3232 5692
342 755 407 818 252
640 772 779 821 monas
800 774 909 823 sauss
930 776 1085 826 rannus

169 944 239 997 ΑΙ).
255 953 328 1003 11⁹0·
337 943 462 1009 intrare
485 946 679 1033 quandoque
700 949 773 1013 ausi
795 949 938 1015 fuerunt.
994 950 1252 1038 suspicabantur
1273 958 1387 1019 autern

337 1045 471 1130 quidam
493 1068 603 1133 regem
626 1054 704 1114 ante
733 1049 1037 1116 transfretationem
1069 1074 1162 1117 suam
1196 1053 1387 1138 hujusmodi

169 1149 258 1203 1341.
336 1146 604 1233 depopulationes
627 1150 822 1217 Judaeorum
845 1153 1056 1239 praecepisse3
1079 1177 1139 1221 nea
1154 1155 1215 1221 hoc
1237 1155 1389 1221 laudabi-

336 1247 414 1312 liter
434 1248 533 1314 fuisse
563 1251 694 1327 factum,
718 1260 852 1339 propter
875 1253 958 1318 illud
991 1256 1226 1341 propheticum,
1249 1257 1387 1343 quidam

335 1350 591 1429 arbitrabantur,
625 1354 704 1419 “Ne
735 1356 862 1419 occidas
896 1378 960 1432 eos,
994 1358 1167 1442 nequando
1190 1359 1563 1425 obliviscen-Palviitu·

337 1460 355 1485 “
377 1456 434 1516 tur
456 1454 568 1539 populi
602 1455 695 1534 mei,''
717 1464 751 1522 et
782 1458 823 1523 de
857 1457 921 1522 hiis
944 1464 978 1523 et
1000 1461 1152 1525 omnibus
1175 1461 1249 1525 aliis
1270 1461 1306 1525 in
1330 1460 1497 1527 djessaeech.

330 1553 450 1639 judicii
484 1555 542 1620 fiet
575 1580 677 1621 unum
701 1558 787 1623 ovile
821 1564 856 1624 et
887 1582 984 1646 super
1017 1582 1129 1626 omnes
1167 1563 1203 1627 in
1236 1534 1564 1661 singulossssffl

336 1677 423 1720 unus
444 1664 563 1743 pastor.

338 1974 417 2039 ΟΑΡ.
441 1977 513 2042 XV.
537 1976 584 2041 Do
607 1975 756 2042 transtu
781 1976 933 2061 repieta
959 1977 1131 2056 Siciliam,
1155 1987 1184 2044 et
1208 1979 1384 2047 discordia

424 2076 516 2144 ivaro·
530 2077 643 2163 ipsum
662 2085 691 2142 ct
702 2078 914 2144 Torreaudura
929 2102 1036 2163 repam
1052 2080 1207 2159 Siciliam
1230 2082 1269 2146 dc
1282 2082 1385 2166 pestis

425 2180 558 2246 Ricard
562 2179 574 2245 i
597 2180 686 2265 ‘repis
704 2180 827 2246 ibidem
841 2207 853 2257 ;
877 2181 915 2247 dc
931 2181 1103 2247 obsidione
1118 2185 1219 2247 2102·ae
1234 2191 1263 2249 et
1278 2192 1385 2250 orosto

426 2281 622 2346 Baldawiui
639 2283 900 2348 Gerratrroriensis
922 2282 1167 2370 archiepiscopi
1188 2293 1218 2351 at
1233 2285 1384 2351 <aliorum

425 2381 559 2448 ibidem.

381 2559 481 2624 Anno
512 2564 622 2623 autem
646 2558 781 2622 Domini
808 2562 903 2638 1199,
927 2564 962 2624 et
984 2583 1071 2625 nuno
1095 2564 1180 2649 regis
1201 2563 1300 2649 hujus
1323 2563 1381 2627 Ri-

335 2660 426 2725 cardi
465 2664 509 2736 2⁰,
548 2682 606 2723 rex
646 2660 806 2724 Ricardus
851 2662 1033 2746 praedictus,
1073 2665 1151 2749 quia
1187 2672 1280 2752 patre
1323 2688 1384 2730 suo

334 2765 469 2829 vivente
493 2783 618 2827 amcam
644 2761 915 2828 lerosolimitamn
944 2764 1159 2849 profectionis,
1187 2774 1226 2832 ut
1248 2767 1385 2853 praedic·

172 2870 290 2921 Fleeaas·
336 2872 409 2931 tum
433 2870 491 2941 est,
507 2869 645 2950 ceperat,
668 2864 764 2927 firma
785 2885 863 2948 pace
886 2866 975 2931 inter
997 2890 1030 2931 sc
1054 2874 1088 2932 et
1111 2891 1219 2955 regem
1237 2870 1384 2934 Francia·

168 2938 325 3055 apprcpffiby
335 2973 472 3045 statuta,
497 2966 736 3030 Nor-manniam
768 2966 860 3041 adiit,
885 2974 919 3031 et
951 2968 998 3032 ibi
1021 2992 1080 3055 por
1102 2975 1207 3035 totam
1231 2972 1381 3056 hyemem

334 3070 470 3135 classem
493 3068 535 3132 de
554 3072 615 3133 156
631 3068 782 3145 navibus,
798 3068 909 3133 buccis
926 3073 968 3132 ⁴24
984 3077 1018 3135 et
1033 3071 1135 3156 galeis
1152 3076 1204 3150 39,
1221 3094 1302 3156 quas
1317 3071 1380 3136 sibi

336 3176 586 3258 praeparaverat,
609 3170 805 3255 expectavit.
853 3170 898 3233 Et
920 3171 1053 3235 interim
1086 3173 1156 3258 ipsa
1183 3172 1275 3258 (μιιυ1
1301 3195 1384 3259 prae·

336 3275 458 3359 scripta
479 3277 557 3336 sunt
580 3272 620 3335 dc
645 3270 822 3335 Williehno
857 3272 994 3356 Elyensi
1025 3274 1175 3360 episcopo
1198 3281 1233 3338 et
1255 3274 1383 3340 Judaeis

171 3380 307 3443 spartian
335 3376 466 3440 fucrant
489 3379 683 3459 perpetrata
741 3372 817 3459 Ipse
848 3382 961 3438 autem
988 3397 1048 3439 rex
1072 3376 1230 3440 Ricardus
1252 3377 1381 3462 prami-

169 3445 308 3576 ἕπῃ,
334 3483 422 3542 serat
452 3476 495 3539 ad
518 3475 651 3539 Terram
691 3474 846 3539 Sanctam
882 3499 1034 3562 magnam
1070 3485 1196 3563 partem
1220 3480 1381 3543 exercitus

168 3579 385 3643 ιο9111197511
407 3600 480 3642 cum
502 3576 741 3661 archiepiscopo
765 3575 1003 3654 Carrtuuriensi,
1030 3581 1178 3667 episcopo
1210 3580 1381 3646 Sarisbiri-

168 3645 247 3695 land.
334 3679 413 3756 ensi,
435 3684 469 3742 et
491 3677 665 3742 comitibus
687 3678 892 3762 quibusdam,
916 3685 950 3743 et
972 3682 1112 3745 navibus
1142 3704 1165 3746 c.
1198 3690 1232 3747 ct
1261 3682 1379 3746 decem.

335 3781 459 3861 Quinto
482 3785 593 3843 autem
626 3778 680 3842 dio
713 3785 887 3864 postquam
922 3781 1090 3866 prredictru
1112 3805 1137 3846 c.
1161 3790 1195 3848 et
1216 3787 1256 3846 10
1278 3803 1379 3846 naves
1394 3801 1526 3852 lionoris.

334 3885 399 3948 iter
421 3882 646 3966 arripuissent,
669 3881 749 3966 ipsis
773 3882 924 3946 omnihus
947 3904 1005 3967 per
1028 3890 1256 3970 tempestatem
1289 3867 1492 3987 subi-5⁰22}

334 3993 404 4050 tam
427 3983 577 4059 turbatis,
611 3987 652 4046 10
686 4004 798 4046 carum
837 3985 872 4047 in
909 4006 998 4049 mare
1037 3985 1259 4071 Hispanicum,
1293 3985 1380 4049 infra
1391 3997 1423 4047 R.
1436 3998 1526 4050 llore-

168 4095 316 4147 'rhesisicn
334 4087 517 4153 dominium
551 4088 812 4162 sarracenorum,
847 4087 1010 4172 propulsa»
1043 4090 1185 4151 suerunt.
1233 4089 1378 4168 Quarum
1391 4067 1449 4121 ‘¹⁰¹¹'
1458 4081 1483 4129 p.
1492 4071 1553 4117 ⁶⁶⁸·

168 4162 280 4279 iffi„
334 4211 401 4253 una
437 4187 615 4263 submersa,
653 4186 791 4250 residuis
827 4192 856 4263 9,
880 4211 953 4273 quae
988 4189 1029 4253 de
1062 4189 1244 4255 Londoniis
1275 4198 1378 4270 amnt,

166 4296 303 4360 “sewius
335 4294 477 4357 Sanctus
499 4288 641 4351 Thomas
664 4289 830 4373 quondam
848 4290 1094 4355 Cautuariensis
1109 4292 1378 4379 archiepiscopus,

167 4363 320 4480 {22¹¹}th
335 4395 474 4460 Sanctus
506 4389 699 4454 Edmundus
733 4413 793 4454 rex
825 4397 859 4455 et
893 4393 1035 4456 Sanctus
1066 4393 1253 4469 Nicholaus
1278 4396 1376 4459 vcsti-

740 4678 747 4708 ¹
765 4678 832 4743 quc]
851 4679 903 4743 qni,
915 4678 972 4730 MS.
