3232 5692
330 772 396 845 278
632 782 770 836 mones
792 782 901 836 mnas
921 784 1075 838 rnnrros

328 977 360 1031 ct
375 972 462 1030 homo
487 961 544 1029 ille
567 971 756 1039 confortatus,
785 969 908 1027 dimisso
932 968 1037 1027 itincre
1067 969 1187 1039 intento,
1214 967 1379 1027 Cenoman-

329 1066 408 1123 niam
426 1065 559 1122 rediens¹
577 1065 703 1123 Ricardo
721 1063 786 1137 regi
804 1082 870 1137 qum
884 1063 1035 1121 audierat²
1051 1065 1163 1134 retulit,
1182 1070 1272 1138 caput
1288 1082 1380 1122 suam

328 1160 510 1217 ustulatum·
527 1158 663 1227 ostendit,
687 1152 722 1216 et
742 1171 802 1216 rex
824 1171 858 1216 se
880 1149 1032 1216 conexit.

331 1413 409 1481 Car.
434 1410 560 1477 XXVI.
597 1410 647 1478 Dc
665 1408 757 1497 fugo
773 1408 940 1499 Pttappt
959 1410 1049 1498 regie
1068 1410 1229 1480 Francia
1243 1433 1267 1479 c
1282 1410 1380 1500 focio

417 1513 505 1602 regis
538 1513 696 1592 Riocrda',
726 1519 756 1580 et
788 1512 828 1581 dc
852 1536 937 1602 poce
969 1513 1062 1582 iuter
1091 1535 1143 1581 eor
1166 1514 1353 1597 reformata
1363 1539 1378 1595 ,·

418 1616 458 1683 de
481 1615 635 1704 captione
658 1615 896 1684 thesaurorum
920 1616 1010 1703 regis
1031 1615 1197 1695 Francia,
1221 1623 1251 1684 et
1272 1624 1380 1706 porus

422 1719 566 1787 Gieoraia'
580 1719 702 1807 fracte.

165 1875 234 1927 Ab.
248 1878 320 1938 119⁷,
375 1870 486 1936 Medio
506 1892 635 1958 quoque
658 1875 813 1959 tempore,
829 1870 987 1959 praefatus
1000 1893 1061 1937 rex
1075 1871 1237 1938 Ricardus
1251 1876 1285 1938 et
1300 1871 1379 1936 Bal·

167 1948 288 2073 ffflssme
333 1971 483 2039 dewinus
498 1973 664 2040 Flandriae
679 1995 785 2040 comes
799 1995 858 2060 pro
871 1996 906 2040 se
921 1978 956 2039 et
970 1974 1038 2039 suis
1052 1975 1228 2040 heredibus
1242 1980 1378 2061 pactum

165 2090 279 2139 between
332 2080 491 2163 perpetuo
514 2077 712 2143 duraturum
738 2076 939 2143 concorditer
975 2075 1131 2158 inierunt,
1169 2078 1258 2163 quod
1294 2076 1380 2142 alter

165 2155 302 2272 fflghffld,
333 2199 446 2243 eorum
468 2178 573 2258 alteri,
597 2180 721 2267 pariter
743 2184 778 2245 et
800 2200 913 2245 eorum
934 2178 1077 2256 heredes,
1108 2180 1289 2265 requirenti
1320 2200 1379 2243 eeu

165 2288 305 2339 vineount
332 2280 443 2367 potius
469 2281 633 2370 indigenti
663 2281 826 2347 auxilium
858 2285 892 2347 et
921 2281 1093 2347 consilinm
1125 2285 1239 2347 contra
1269 2302 1379 2368 regem

166 2353 280 2471 ἔξω
333 2381 483 2449 Francius
499 2385 535 2449 in
549 2385 742 2450 necessitate
765 2383 946 2450 exhiberet.
992 2384 1067 2449 Rex
1082 2387 1195 2449 autem
1218 2384 1379 2450 Ricardus

166 2458 265 2604 ffiart
333 2490 479 2551 castrum
494 2485 608 2553 Sancti
625 2485 779 2553 Walom'ci
794 2486 1016 2563 comburebat,
1031 2492 1066 2552 et
1088 2490 1194 2552 totam
1209 2488 1379 2574 circaregi-

235 2569 259 2619 p.
334 2608 429 2652 cncnr
453 2587 671 2676 deprmdabat
718 2589 837 2654 Postea
858 2609 937 2653 vcro
959 2592 1081 2653 terram
1104 2586 1253 2655 Franciae
1275 2590 1379 2655 intro·

269 2767 276 2779 ι
334 2711 464 2777 gressus
490 2694 524 2756 ct
547 2690 679 2757 castella
707 2692 749 2756 de
773 2690 912 2767 Carteia,
935 2690 976 2755 de
1001 2690 1129 2779 Buryce
1151 2695 1186 2757 et
1213 2692 1254 2758 de
1280 2691 1378 2757 Suro·
1392 2700 1420 2751 J.
1433 2700 1552 2770 Brompt

333 2792 558 2879 funtaynges,⁴
580 2816 638 2880 per
660 2792 803 2859 assultus
825 2792 1010 2880 intercepit.
1047 2793 1152 2880 Capto
1175 2800 1286 2861 autern
1308 2768 1440 2882 ipso⁰⁰¹‘
1456 2774 1531 2824 ¹²⁷⁶·

165 2887 238 2938 ΜΟ·
333 2894 440 2981 primo
464 2895 597 2961 urstello
620 2895 660 2961 de
684 2893 823 2973 Ourtels,
846 2915 906 2960 rex
926 2894 1126 2960 Francorum
1149 2896 1287 2961 audiens
1310 2896 1381 2983 ejus

165 2992 277 3044 nisano
335 2997 541 3062 obsidionem
563 2996 606 3062 ad
629 2996 691 3061 id⁶
713 2999 754 3064 de
770 2996 938 3062 obsidione
959 2996 1167 3063 liberandum
1182 3001 1378 3086 properavit.

167 3075 270 3191 iiiii?
265 3127 320 3179 into
334 3098 400 3165 Sed
423 3098 492 3184 ejus
515 3099 703 3186 captionem
725 3101 881 3187 ignorans
903 3100 939 3164 in
961 3099 1105 3165 crastino
1127 3101 1289 3188 captionis
1311 3102 1381 3188 cjus

167 3192 264 3247 Gisors.
332 3200 440 3267 eidem
462 3202 707 3290 propinquavit.
754 3202 796 3267 In
812 3223 910 3290 quem
932 3202 1092 3267 Ricardus
1114 3224 1173 3269 rex
1195 3205 1379 3293 Angiorrun

332 3304 490 3383 insiliens,
514 3326 589 3370 eum
612 3325 716 3391 usque
746 3303 788 3369 od
819 3303 1001 3369 Gisortium
1031 3304 1176 3391 turpiter
1197 3305 1378 3394 fugientem

332 3408 545 3495 profugavit;
575 3413 675 3493 atque
698 3429 772 3473 eum
795 3416 865 3473 tam
888 3406 1007 3472 acriter
1029 3411 1080 3472 est
1101 3408 1268 3475 insecutus
1290 3411 1378 3495 quod

332 3509 434 3594 ipsius
456 3509 542 3597 regis
573 3507 773 3574 Francorum
803 3513 837 3573 et
867 3528 1000 3574 snorum
1030 3530 1122 3596 pons,
1142 3531 1202 3596 pcr
1224 3533 1321 3597 quem
1343 3514 1379 3577 in

333 3610 514 3676 Gisortium
552 3612 692 3677 transire
725 3610 899 3687 debebant,
934 3609 1123 3677 inordinato
1155 3613 1298 3698 pondere
1330 3621 1380 3681 est

333 3714 525 3779 confractus.
582 3713 648 3778 Sed
678 3734 753 3800 rege
785 3711 942 3793 Francice,
974 3714 1078 3778 fracto
1110 3720 1220 3799 ponte,
1252 3715 1311 3780 vix
1343 3716 1378 3781 in

332 3815 502 3880 civitatem
525 3837 630 3894 evaso,
654 3815 777 3902 viginti
808 3820 842 3880 et
871 3836 910 3880 co
940 3815 1081 3903 amplius
1103 3816 1225 3883 milites
1246 3816 1287 3883 de
1309 3820 1378 3885 suis

332 3925 452 4004 prater
488 3917 570 3983 alios
607 3918 778 3984 inferiores
818 3917 922 3982 fracto
959 3922 1059 4005 ponte
1095 3925 1175 3986 sunt
1210 3920 1377 3987 submersi.

334 4019 477 4085 Centum
499 4020 622 4087 milites
643 4025 679 4087 et
707 4019 764 4085 alii
793 4019 957 4084 innumeri
986 4042 1046 4106 por
1069 4020 1246 4087 Ricardum
1267 4044 1378 4110 regem

333 4122 421 4209 capti
454 4121 595 4189 fuerunt.
651 4123 793 4189 Ducenti
824 4123 937 4209 itaquo
972 4123 1048 4209 equi
1080 4124 1256 4211 grossiores
1289 4127 1377 4213 capti

333 4229 419 4303 sunt,
442 4248 581 4312 qnorum
604 4232 736 4293 centum
762 4225 936 4313 sexaginta
964 4224 1098 4292 fuerunt
1120 4227 1206 4294 ferro
1228 4229 1379 4316 cooperti.

365 4443 372 4474 ¹
383 4442 491 4510 rediens]
504 4443 578 4494 rediit
588 4459 626 4505 ac,
637 4444 663 4495 J.
673 4443 704 4493 B.
819 4462 823 4467 ·
876 4456 905 4492 or
915 4441 1009 4507 Boury,
1021 4443 1096 4493 south
1107 4444 1137 4493 cf
1145 4443 1242 4508 (disere,
1252 4448 1303 4498 and
1311 4447 1378 4499 Sire-

364 4522 511 4588 ²uudierot]
524 4522 636 4585 vidisset,
646 4524 674 4574 J.
685 4523 716 4574 B.
727 4537 735 4555 ·
876 4522 994 4583 fontaine,
1007 4524 1081 4575 north
1092 4524 1123 4573 of
1131 4523 1227 4576 Gisors.

365 4601 529 4669 'semlerum
543 4601 699 4654 huatillatum
709 4602 735 4653 in
747 4601 804 4653 MS.
908 4601 969 4669 Ιἰιί]
984 4603 1080 4655 eumin
1091 4602 1148 4657 MS.

364 4679 373 4708 ⁴
390 4677 533 4731 Comoellcs
543 4694 577 4730 on
587 4678 630 4731 the
645 4678 727 4742 Scine,
738 4677 830 4731 Boaris
