3232 5692
361 688 426 753 ³50
620 696 830 749 mussona
851 694 961 746 uanus
984 651 1150 756 opimos.

193 879 261 931 AJ).
276 885 339 931 1199
360 871 470 926 tionem
488 870 545 926 Dei
563 871 769 943 omnipotentis
787 877 818 927 et
835 889 918 927 suum
939 871 1111 928 terribiliter
1128 871 1298 941 imprecans
1317 865 1352 921 ei
1374 862 1430 935 qui

193 953 284 997 4216.

360 955 458 1026 ipsum
477 954 707 1010 Proedicatorum
733 955 863 1010 ordinem
882 960 1064 1009 terrenarum
1091 954 1264 1010 divitiarum
1292 950 1430 1023 pulvere

195 1027 319 1105 llffihssff
360 1045 552 1110 praesumeret
569 1039 726 1093 maculare.
775 1038 859 1093 Auno
884 1039 983 1110 itaquo
1012 1038 1128 1092 Domini
1148 1038 1227 1102 1199,
1248 1035 1375 1091 decimo
1398 1038 1431 1087 et

193 1093 255 1159 king
266 1094 312 1142 Rr-

193 1163 270 1212 eburd
282 1161 302 1210 1.

359 1123 464 1178 ultimo
483 1122 602 1177 Ricardi
629 1124 710 1193 rogis
737 1123 835 1192 primi,
853 1122 890 1177 de
916 1140 974 1194 quo
1000 1120 1203 1194 prescriptum
1229 1127 1286 1186 est,
1306 1115 1431 1190 Wydo-

360 1225 459 1262 marus
473 1207 634 1262 vicecomes
647 1206 865 1261 Lemovicomis
883 1206 914 1261 in
932 1206 1085 1262 Britannia
1096 1207 1217 1271 minore,
1230 1205 1321 1260 homo
1335 1201 1427 1273 regis

361 1290 489 1355 Ricardi‚
510 1291 625 1346 invento
643 1291 787 1345 immenso
796 1290 935 1345 thesauro
954 1291 1018 1345 auri
1031 1296 1061 1346 et
1073 1290 1188 1360 argenti
1200 1290 1231 1344 in
1243 1288 1339 1344 fundo
1353 1304 1424 1349 suo,

360 1375 442 1431 misit
467 1392 603 1445 magnam
629 1374 760 1429 thesauri
787 1374 880 1445 ipsius
907 1380 1021 1445 purtem
1045 1374 1168 1445 prefato
1192 1373 1258 1444 regi
1285 1370 1425 1427 Ricardo

360 1458 477 1514 domino
495 1477 557 1513 suo.
597 1457 656 1513 Sed
674 1458 724 1512 ille
743 1459 898 1512 exennium
916 1457 1072 1520 recusavit,
1092 1456 1192 1511 dicens
1203 1462 1300 1513 totum
1312 1455 1423 1511 deberi

361 1543 417 1598 sibi
445 1543 481 1597 de
503 1544 572 1613 juro
591 1542 726 1613 capitalis
752 1541 958 1597 dominationis
985 1559 1056 1597 sum.
1112 1539 1197 1610 Quod
1222 1546 1322 1596 tamen
1349 1557 1423 1596 con·

360 1625 465 1682 cedere
482 1626 562 1682 idom
579 1625 742 1681 vicecomes
770 1625 933 1681 recusabat.
970 1625 1153 1697 Quapropter
1177 1642 1229 1680 rex
1255 1623 1420 1689 Ricardus,

360 1710 483 1766 collecto
511 1706 678 1780 [exercitu],
707 1708 822 1764 obsedit
851 1714 981 1765 castrum
1008 1708 1189 1764 vicecomitis
1214 1706 1293 1779 quod
1320 1708 1420 1765 Culus

361 1794 504 1849 Chcverel
522 1793 689 1856 vocabatur,
708 1799 815 1864 putans
833 1792 874 1846 ibi
893 1792 1064 1846 thesaurum
1083 1792 1179 1847 inesse
1197 1792 1417 1848 absconditum.

361 1878 417 1934 Cui
435 1877 562 1933 ministri
581 1876 670 1932 castri
688 1875 808 1947 pacifico
833 1883 970 1930 exeuntes
997 1874 1166 1931 obtulerunt
1190 1883 1319 1930 castrum
1346 1893 1419 1931 cum

360 1961 511 2026 contentis,
532 1961 622 2016 salvis
640 1959 753 2015 eisdem
771 1960 842 2024 vita,
867 1960 957 2013 armis
976 1965 1006 2014 ot
1030 1959 1179 2015 membris.
1217 1959 1328 2017 chuit
1352 1979 1417 2026 rex,

360 2045 510 2117 imponens
535 2044 596 2099 illis
624 2048 657 2098 ut
681 2043 836 2098 redeuntes
861 2043 988 2098 viriliter
1013 2061 1045 2099 se
1073 2042 1269 2108 defenderent,
1298 2045 1418 2100 minans

360 2147 410 2185 eos
428 2129 577 2185 hostiliter
588 2127 744 2201 capiendos
763 2134 793 2182 et
811 2134 904 2183 morte
924 2126 1083 2183 durissima
1107 2128 1278 2199 puniendos.
1327 2128 1417 2184 Unde

257 2233 264 2247 ·
361 2214 460 2268 moesti
485 2212 641 2268 redeuntes
660 2211 780 2265 mulitim
807 2211 888 2281 regis
906 2212 1044 2266 resistere
1072 2212 1290 2268 contendebant.
1336 2213 1416 2268 Cum

360 2316 442 2368 ergo,
463 2298 510 2353 dio
530 2296 664 2368 quadam,
679 2313 730 2350 rex
748 2296 811 2367 ipse
830 2302 860 2351 et
878 2296 936 2350 dux
949 2295 1115 2351 Brabantioe
1134 2296 1259 2351 inermes
1272 2303 1303 2352 ot
1314 2296 1417 2351 minus

360 2388 444 2438 cauto
462 2387 590 2437 castrum
608 2380 774 2444 circuirent,
795 2384 828 2434 ut
845 2379 910 2450 ojus
934 2380 1094 2435 infirmiora
1112 2380 1305 2452 explorarent,
1324 2381 1417 2437 balis-

360 2466 454 2522 tarius
485 2465 615 2537 quidum,
636 2463 819 2519 Bertrundus
851 2462 1014 2531 Gordonus,
1035 2464 1128 2520 telum
1157 2463 1373 2521 ‘venenatum'
1397 2483 1415 2520 e

361 2557 456 2606 castro
479 2549 620 2621 dirigens,
640 2566 741 2619 rogem
769 2547 799 2602 in
825 2547 946 2603 bruchio
971 2548 1145 2604 vulueravit.
1191 2548 1253 2603 Rex
1278 2566 1351 2621 ergo
1376 2550 1416 2605 ad

361 2652 447 2690 suum
464 2634 623 2689 tentorium
641 2650 795 2703 regressus
814 2632 955 2703 pracepit
972 2638 1005 2687 ut
1030 2637 1158 2687 castrum
1185 2633 1302 2689 omnino
1328 2650 1415 2706 cape·

360 2725 451 2784 retur,
467 2724 496 2773 ot
513 2736 613 2772 omnes
625 2716 738 2771 obsessi
751 2716 1006 2787 suspenderentur,
1021 2723 1141 2788 excepto
1153 2717 1214 2771 solo
1225 2718 1415 2774 vulneratore

361 2822 423 2859 suo.
459 2803 585 2857 'l'antum
603 2818 675 2871 orgo
687 2800 831 2855 laboravit
848 2800 992 2855 exercitus
1005 2807 1039 2855 ut
1050 2807 1179 2856 castrum
1192 2801 1268 2857 infra
1279 2801 1414 2857 triduum

360 2894 515 2959 caperetur
536 2893 567 2942 et
577 2884 729 2941 castellani
741 2883 957 2950 occidebantur,
970 2886 1054 2955 regio
1066 2904 1238 2957 percussore
1249 2894 1411 2943 reservato.

361 2971 400 3027 Et
418 2989 485 3026 cum
503 2988 564 3036 rex,
585 2975 713 3024 extracto
731 2968 784 3023 teli
802 2968 884 3040 ligno
910 2968 961 3023 scd
986 2975 1121 3024 manento
1140 2971 1227 3035 ferro,
1248 2988 1282 3025 ex
1300 2988 1415 3026 veneno

361 3073 576 3125 nervorumque
594 3060 625 3109 ot
641 3071 781 3108 venarum
798 3052 938 3109 incisione
957 3054 974 3107 9
1000 3062 1066 3124 post
1088 3054 1143 3109 hoc
1161 3052 1209 3108 die
1228 3062 1307 3111 esset
1324 3056 1415 3110 mori-

361 3146 456 3203 turus,
476 3138 611 3194 advocari
630 3137 699 3191 fecit
726 3154 811 3191 sirum
838 3154 1049 3208 percussorem,
1070 3137 1112 3192 sic
1140 3137 1283 3209 inquiens,
1305 3139 1414 3208 “Quid

364 3228 384 3251 ‘⁴
403 3241 530 3295 unquam
554 3222 608 3276 tibi
634 3221 709 3275 male
728 3221 794 3284 feci,
815 3221 893 3291 quod
919 3239 966 3275 mo
994 3220 1031 3275 ad
1057 3230 1181 3277 mortem
1199 3223 1413 3279 vulnerastiP''

362 3309 401 3363 Et
419 3308 479 3372 illo,
501 3307 649 3361 “Patrem
667 3323 766 3359 meum
784 3313 815 3360 ot
832 3305 904 3359 duos
923 3306 1029 3360 fratres
1048 3323 1128 3360 meos
1153 3307 1296 3373 occidisti,
1311 3316 1342 3364 et
1365 3327 1414 3363 me

365 3397 383 3420 “
403 3392 488 3447 modo
507 3390 639 3445 occidero
658 3389 794 3456 voluisti;
819 3389 917 3460 placet
935 3408 1005 3460 ergo
1031 3390 1103 3445 mihi
1123 3409 1324 3463 quamcunque
1352 3412 1415 3464 poe·

365 3481 383 3503 “
402 3494 470 3530 nam
489 3474 586 3529 subire
606 3473 761 3528 dummodo
780 3479 812 3527 tu
838 3472 1022 3527 occumbas.”
1059 3474 1141 3529 'Iunc
1166 3494 1225 3540 rex,
1253 3476 1417 3548 perdonate

363 3560 390 3616 ei
409 3565 501 3615 morte
520 3576 582 3622 sira,
610 3556 702 3628 jussit
719 3557 782 3611 duri
810 3557 837 3610 ei
863 3564 978 3613 contum
1006 3557 1113 3613 solidos
1150 3560 1360 3631 sterlingorum
1384 3567 1416 3616 et

362 3646 459 3716 ipsum
477 3644 604 3697 liberum
622 3641 712 3696 abire.
753 3639 810 3695 Sed
835 3641 893 3696 dux
911 3642 1078 3696 Brabantim
1102 3648 1133 3697 et
1160 3642 1312 3699 domestici
1330 3646 1414 3716 regis

362 3730 460 3801 ipsum
478 3728 673 3782 Bertrannum
692 3725 890 3780 discedentem
913 3726 1197 3797 comprehenderunt
1213 3736 1244 3783 et
1261 3747 1354 3800 usquo
1376 3729 1415 3784 ed

362 3813 443 3884 regis
461 3818 586 3867 mortem
605 3816 802 3865 reservarunt.
841 3809 935 3878 Quem
960 3818 1026 3881 post
1052 3811 1132 3881 regis
1160 3819 1284 3869 mortem
1310 3814 1414 3871 vivum

362 3898 541 3954 excoriatum
559 3894 780 3967 suspenderunt.

364 4124 482 4183 XVIII.
502 4124 545 4180 Dc
559 4142 620 4195 repe
632 4123 770 4188 Jotoeue,
790 4127 815 4177 et
833 4122 915 4178 terrie
934 4124 1056 4196 perditis
1073 4124 1106 4180 in
1120 4127 1251 4197 partibus
1269 4132 1411 4185 transmo-

435 4209 529 4274 riru'e,·
548 4209 581 4263 do
593 4208 718 4278 generali
730 4207 895 4272 interdicto;
908 4212 933 4262 ct
947 4209 1120 4264 libertatibus
1138 4214 1306 4268 rnonoaterto
1316 4219 1411 4270 noctro

431 4314 483 4367 per
508 4294 604 4367 ‘braium
630 4312 718 4364 regent
736 4293 893 4347 Johormcm
920 4295 1072 4360 coecorum
1092 4296 1124 4351 dc
1142 4296 1245 4353 iterato
1270 4299 1411 4371 conperiat·

435 4380 508 4434 tione
525 4377 679 4441 Iliberrim,
699 4381 724 4431 ct
742 4377 812 4431 aliie
830 4377 1003 4432 irwiderrtiia.

200 4511 354 4577 Usurpation
400 4499 518 4554 Mortuo
545 4497 624 4553 dicto
649 4514 720 4567 rege
748 4496 884 4561 Ricardo,
914 4496 1061 4553 Johannes
1092 4501 1182 4557 frater
1213 4521 1283 4558 suus
1311 4503 1412 4574 junior

199 4579 230 4628 of
237 4579 280 4630 the

366 4585 520 4656 usurpavit
537 4600 672 4637 coronam
691 4581 785 4651 regni,
800 4588 830 4636 ot
847 4581 960 4651 accepit
977 4582 1146 4654 homagium
1165 4586 1318 4642 Willielmi
1329 4590 1412 4661 regis
