3232 5692
342 731 405 795 226
638 744 776 795 rueuss
797 744 906 795 uanas
927 744 1083 795 cramus
1142 706 1151 723 ⁸

177 932 245 984 ΔΗΒ
258 938 321 985 use
340 918 463 985 tostum
492 919 706 1005 reciperemus
728 923 762 983 ct
792 923 975 985 teneremus
998 920 1122 1036 absque
1144 919 1397 985 reclamatione.

177 1002 269 1051 -1197

176 1077 268 1127 Land'
260 1092 287 1129 ιιι

177 1144 290 1195 Beforth.

342 1023 491 1108 Hugot
458 1044 476 1086 e
494 1021 558 1085 iam
582 1021 737 1105 Runyard
759 1020 800 1086 de
823 1020 1022 1106 Kylloma‚
1007 1022 1130 1108 Junior,
1153 1020 1395 1108 praescriptus,¹

342 1127 422 1191 dues
444 1124 583 1188 bovatoe
604 1128 700 1187 terrm
724 1127 758 1187 et
788 1127 854 1187 tres
877 1123 1011 1188 toftos'
1001 1145 1037 1187 m
1061 1122 1217 1189 Beforthe
1240 1122 1284 1189 ad
1308 1144 1397 1209 opus

311 1231 492 1293 nostrum
514 1224 717 1309 comparavit
739 1224 779 1289 de
803 1223 932 1311 Rogero
947 1225 1053 1290 Puero
1076 1226 1118 1290 de
1135 1224 1294 1305 Beferth3
1316 1246 1397 1310 quae

342 1328 435 1416 quasi
457 1349 498 1391 ex
520 1325 698 1391 donatione
720 1326 851 1411 praefati
875 1326 995 1413 Rogeri
1018 1326 1227 1413 possidemus
1266 1326 1335 1391 Sed
1359 1332 1397 1393 et

342 1430 427 1495 alius
442 1429 576 1514 quidam
592 1428 677 1492 Acer
691 1427 732 1491 de
748 1427 903 1492 Beforthe
918 1427 1000 1493 duos
1015 1428 1190 1493 selliones
1180 1451 1217 1493 111
1232 1428 1396 1495 Beferthe

343 1531 590 1620 propinquiores
611 1530 757 1616 grungioe
785 1534 908 1595 nostrie
931 1529 972 1595 de
995 1529 1097 1607 Mora,
1120 1532 1266 1617 quinque
1288 1531 1397 1616 parti-

343 1638 432 1699 eatas
454 1632 541 1696 infra
562 1636 687 1696 curtem
710 1630 808 1696 dictis
830 1632 986 1718 grrmgim,
1014 1638 1058 1709 et,
1089 1632 1131 1697 ad
1154 1631 1395 1698 occidentalem

343 1739 470 1821 partem
507 1738 604 1798 extra
640 1738 766 1798 curtem
802 1733 946 1819 grangiae
969 1732 1124 1817 ejusdem,
1159 1736 1178 1795 2
1213 1731 1394 1819 perticatas

344 1838 380 1901 in
409 1835 513 1900 latum
538 1840 572 1899 ct
596 1837 640 1899 44
665 1835 843 1920 perticatas
868 1835 905 1899 in
936 1834 1079 1921 longum,
1103 1840 1137 1900 et
1156 1836 1199 1901 ad
1228 1836 1393 1901 orientem

343 1943 439 2004 extra
460 1941 585 2001 curtem
618 1936 716 2001 dictis
737 1937 884 2023 grangiae
906 1937 987 2001 duas
1010 1937 1185 2023 perticatas
1218 1937 1255 2001 in
1283 1937 1393 2001 latum

342 2044 377 2105 et
408 2042 450 2102 20
484 2038 518 2101 in
543 2036 696 2121 longum3
725 2038 855 2114 scilicet,
878 2059 921 2102 ex
952 2042 1092 2123 utraque
1126 2044 1219 2124 parte
1240 2039 1392 2125 grangiae

341 2141 433 2205 illam
470 2146 593 2203 terram
630 2160 728 2224 quam
767 2140 884 2204 imbuit
920 2139 984 2226 ipsi
1020 2140 1166 2227 grangiis
1196 2141 1393 2226 propinqui·

341 2264 439 2309 orem.
485 2240 588 2325 Cujus
610 2240 698 2304 filius
721 2241 867 2327 Rogerus
890 2262 991 2305 unam
1025 2243 1219 2327 perticatam
1245 2242 1281 2306 in
1313 2243 1391 2307 lati-

341 2345 467 2423 tudine,
501 2344 587 2407 sicut
623 2343 760 2407 calebat
797 2344 920 2429 ubique
959 2344 995 2407 in
1031 2366 1147 2431 campo
1185 2344 1287 2411 Mora
1326 2346 1390 2411 Be·

341 2446 464 2521 fordim,
494 2444 589 2509 nobis
623 2444 803 2510 concessi&
849 2444 931 2523 Qum
966 2446 1077 2510 omnia
1101 2445 1311 2511 Baldewinus
1344 2449 1389 2513 do

342 2546 496 2613 Beforthe
510 2552 545 2611 ct
561 2545 741 2610 Nicholaus
762 2546 852 2611 filius
873 2545 944 2629 ejus
968 2548 1063 2613 nobis
1086 2548 1388 2615 confirmaverunt³

340 2654 478 2740 Ipseque
502 2650 711 2715 Baldcwinus
733 2656 863 2716 tantam
893 2658 1014 2716 terram
1046 2676 1089 2717 ex
1115 2658 1255 2739 utraque
1291 2660 1387 2740 parte

340 2754 437 2820 dicte
468 2753 623 2840 grangiae,
657 2758 814 2838 quantam
846 2755 1020 2840 proedictus
1042 2754 1128 2821 Acer
1157 2756 1253 2820 nobis
1284 2757 1387 2822 dona-

339 2861 443 2935 verat,
466 2854 561 2919 nobis
584 2853 718 2933 dedit3⁴
740 2861 773 2920 et
798 2858 817 2919 2
850 2856 1025 2942 perticatas
1047 2862 1144 2923 terra
1166 2879 1247 2943 quas
1269 2858 1388 2925 habuit

261 2960 286 3009 '11
339 2958 428 3024 intra
450 2962 634 3021 carucatam
656 2962 753 3022 terrac
776 2957 887 3033 Morte,
911 2958 1035 3024 scilicet
1065 2959 1289 3025 duodecimam
1312 2984 1387 3048 par·

249 3064 254 3075 '
340 3066 408 3127 tem
442 3060 544 3145 ipsius
574 3063 736 3123 carucatae
758 3065 863 3134 terrie,
900 3082 960 3146 pro
992 3082 1050 3125 sex
1081 3060 1224 3125 denariis
1253 3065 1383 3143 annuis,
1488 3087 1495 3101 ·

340 3164 435 3229 nobis
456 3162 597 3227 contulit
625 3184 700 3226 cum
723 3162 835 3249 seipso.
884 3162 992 3241 Quem
1015 3162 1181 3228 redditum
1204 3186 1263 3228 sex
1286 3166 1388 3232 dena-

341 3265 566 3331 riorumhercs
599 3286 677 3329 suus
700 3264 799 3329 nobis
825 3270 952 3351 postea
975 3265 1154 3330 relaxabat.
1202 3265 1388 3335 Johanncs-

341 3390 404 3453 que
427 3368 467 3431 dc
482 3366 656 3452 Owstwyk
672 3367 837 3452 quandam
853 3367 1051 3453 particulam
1073 3372 1169 3432 tcrrae
1185 3368 1279 3433 nobis
1294 3370 1388 3438 dedit

342 3466 490 3534 ibidem.⁵

377 3810 384 3840 ¹
399 3808 573 3874 proscriptus]
592 3806 704 3869 wanting
715 3806 741 3855 in
753 3806 782 3856 P.
924 3812 933 3841 ⁴
950 3810 1106 3877 notisdcdit]
1125 3815 1285 3873 concedebat,
1295 3814 1324 3864 P.

376 3888 529 3951 'coner-asie]
548 3887 705 3945 concedebat,
718 3886 746 3934 Ρ.
924 3890 933 3917 ³
950 3889 973 3937 A
987 3906 1090 3955 passage
1109 3891 1218 3943 inserted
1234 3893 1260 3942 in
1276 3894 1305 3943 Ρ.
1339 3894 1389 3947 See

396 3984 409 4017 e
435 3964 801 4031 jirmur·cru1u]eonfirmabant.
812 3964 839 4014 Ρ.
892 3968 978 4022 ebore.
990 3984 1013 4032 p.
1026 3974 1083 4029 223,
1094 3978 1153 4021 note
1165 3975 1187 4021 7.
