3232 5692
578 813 676 863 annu
699 813 809 862 anans
832 812 968 861 ruunoa
1236 797 1298 858 153

255 987 475 1072 Gu1·tha,qui
510 985 658 1050 Haraldo
688 992 728 1051 nt
761 986 803 1049 ab
835 985 904 1071 ipso
929 984 1013 1048 bello
1036 1005 1070 1047 oe
1093 982 1302 1047 subtraheret

254 1091 426 1156 consilium
457 1090 557 1167 dedit,
592 1094 751 1176 praesente
789 1111 865 1175 rege
903 1087 1047 1152 Henrico
1078 1087 1184 1172 primo
1215 1083 1303 1170 apud

256 1194 464 1272 Wodestoke,
480 1216 566 1259 anno
590 1194 683 1281 regni
706 1194 756 1257 sui
781 1195 832 1271 25,
856 1191 973 1256 habitu
995 1188 1184 1264 heremitico
1206 1187 1305 1251 lorica

255 1297 396 1362 vestitus
416 1298 459 1361 ad
481 1296 617 1376 nudum,
639 1296 764 1361 dictum
780 1295 966 1359 Haraldum
989 1316 1010 1357 a
1031 1292 1143 1378 praelio
1165 1289 1305 1355 evasisse

256 1401 380 1478 vivum,
405 1422 464 1465 nec
487 1400 575 1487 apud
600 1398 768 1463 Waltham
790 1399 847 1463 sed
870 1397 1006 1463 Cestriae
1030 1417 1135 1482 nuper
1164 1393 1305 1458 affirma·

257 1503 308 1566 vit
338 1503 511 1588 sepultum.
567 1502 683 1566 Noctis
717 1501 805 1566 euim
828 1500 985 1565 beneficio
1009 1498 1116 1562 dictus
1139 1496 1307 1561 Haraldus

256 1605 403 1690 graviter
434 1605 626 1670 vulneratus
649 1603 765 1677 mortis
794 1603 1000 1689 dispendium
1025 1600 1195 1666 evadebat.
1242 1598 1306 1664 Cu-

256 1712 348 1772 ratns
370 1713 490 1787 autem,
507 1709 701 1773 enormitate
717 1707 846 1772 sceleris
869 1706 1044 1771 enimenta
1067 1705 1196 1783 librata,
1221 1701 1307 1788 quod

257 1832 323 1874 nou
357 1810 393 1874 in
426 1810 525 1875 unius
547 1810 690 1874 hominis
712 1809 767 1874 vel
801 1809 900 1873 unius
922 1808 1068 1872 civitatis
1092 1807 1228 1883 excidio
1251 1803 1307 1870 sed

257 1913 545 1978 innumerabilium
568 1913 736 2000 sanguine,
751 1918 784 1977 et
807 1912 911 1977 totius
925 1911 1033 1997 gentis
1048 1919 1117 1976 suae
1132 1906 1305 1974 libertate¹

258 2021 292 2081 et
314 2017 441 2081 excidio
463 2017 557 2103 regni
580 2022 746 2103 perpetuo,
764 2022 855 2080 totus
878 2015 921 2078 ad
944 2014 1136 2090 lamentum,
1152 2018 1243 2077 totus
1266 2010 1307 2076 ad

258 2119 489 2206 poenitentiam
523 2141 705 2198 conversus,
741 2118 864 2184 divium
896 2142 929 2182 se
964 2117 1082 2204 pietati
1121 2115 1308 2194 committit,

258 2222 403 2309 insignia
424 2221 546 2308 regalia
568 2223 659 2309 pulla
681 2227 773 2287 veste
796 2226 1001 2287 commutans
1034 2219 1229 2307 poenitentis
1252 2218 1308 2283 ha·
1351 2256 1353 2261 2

258 2316 367 2390 bitum
399 2326 552 2411 suscepit,
575 2326 784 2412 primumque
807 2325 916 2412 palam
945 2325 1047 2410 juxta
1071 2322 1310 2389 Doroberniam

258 2427 295 2491 in
318 2426 409 2513 cujue
421 2427 434 2463 2
448 2429 539 2514 rupis
561 2429 677 2514 spelaeo
701 2429 891 2513 comparuit,
908 2426 944 2491 in
967 2448 1032 2512 quo
1048 2427 1153 2491 vitam
1172 2425 1310 2490 anacho-

259 2531 395 2596 reticam
418 2532 559 2597 actitans
582 2531 742 2596 nonnulla
763 2531 870 2596 lustra
884 2531 1020 2617 peregit.
1066 2528 1131 2595 Sed
1154 2528 1310 2615 quoniam

260 2634 302 2698 od
333 2657 408 2699 eum
440 2639 508 2699 tam
532 2634 628 2721 longe
655 2656 754 2719 quam
788 2655 889 2721 prope
923 2633 1113 2719 degentium
1145 2631 1311 2718 populan's

260 2759 327 2802 non
364 2737 502 2801 minima
524 2737 710 2823 frequentia
733 2736 820 2800 fama
842 2736 1005 2801 volitante
1035 2736 1145 2813 fiebat,
1168 2736 1249 2800 adeo
1273 2740 1312 2799 ut

260 2863 281 2905 a
302 2841 499 2926 quibusdam
522 2840 673 2926 quisnam
711 2845 798 2904 esset
821 2838 1128 2926 deprehenderetur,
1162 2840 1213 2903 sui
1244 2860 1311 2903 me-

261 2945 398 3008 moriam
430 2944 518 3029 apud
540 2965 593 3007 eos
624 2941 749 3008 auferre
771 2942 950 3033 satagebat.
997 2942 1115 3007 Postea
1137 2935 1228 3018 voro]
1254 2964 1312 3028 per
1324 2943 1453 3008 Supposed

186 3087 197 3110 ι
261 3068 421 3111 annornm
452 3046 560 3109 multa
592 3045 751 3110 curricula
776 3067 859 3117 ,non
888 3044 984 3130 longe
1014 3066 1034 3108 a
1065 3043 1194 3109 Oestria
1224 3065 1310 3108 com·
1323 3011 1426 3129 {iffi

261 3156 374 3236 pertus
394 3154 445 3212 est
467 3148 689 3212 heremiticam
713 3148 770 3211 diu
794 3147 926 3211 duxisse
948 3147 1063 3211 vitam.
1118 3146 1312 3233 Ibidemque
1325 3144 1429 3196 chester
1440 3152 1472 3195 ⁴6

261 3260 408 3340 tempore
432 3252 562 3338 praefati
586 3251 723 3315 Henriei
747 3250 834 3336 regis
849 3250 956 3336 primi,
973 3272 1059 3314 anno
1075 3249 1167 3337 regni
1182 3251 1234 3314 sni
1258 3214 1472 3332 12,{1‡2¹{„‡‡}{‘

261 3355 387 3441 positus
410 3355 446 3418 in
470 3353 635 3434 extremis,
659 3353 819 3419 sacerdoti
849 3359 1045 3418 secretorum
1076 3375 1209 3418 snorum
1236 3376 1312 3419 con·
1325 3345 1438 3424 offlan-

262 3459 328 3523 ecio
351 3457 394 3522 ad
409 3457 564 3522 ultimum
587 3454 661 3541 quis
682 3455 783 3521 fuerit
798 3455 961 3521 confessus
976 3461 1035 3521 est.
1082 3455 1199 3542 Sicqne
1214 3457 1312 3544 longo
1324 3427 1391 3478 ma

263 3562 364 3626 fessus
395 3561 484 3625 senio
507 3561 687 3647 plenusque
713 3559 841 3622 dierum
865 3558 985 3638 obiens,
1009 3559 1197 3624 mortalium
1224 3561 1313 3625 viam

263 3664 436 3750 ingressus,
461 3662 595 3728 Cestrire
618 3663 654 3727 in
669 3660 801 3727 eeclesia
817 3661 930 3726 Sancti
945 3660 969 3726 J
971 3661 1108 3726 ohannis
1123 3662 1314 3728 confessoris

264 3767 299 3831 in
322 3767 488 3846 subnrhin,
513 3772 599 3831 retro
633 3765 840 3829 altercante
874 3765 977 3829 altare
1000 3763 1114 3830 Sancti
1149 3766 1312 3846 Nicholui‚
1392 3756 1394 3761 ⁵

266 3870 414 3958 sepultus
444 3874 502 3939 est.
548 3868 645 3933 Vixit
675 3891 753 3954 ergo
783 3874 858 3954 post
890 3873 1117 3955 conquaestum
1152 3872 1246 3957 quari
1269 3874 1311 3937 46

264 3973 368 4037 anuis,
416 3972 470 4037 Sic
486 3971 589 4058 igitur
612 3971 810 4058 imperatore
835 3971 977 4036 Henrico
1000 3972 1190 4060 praescripto
1209 3974 1314 4040 laten·

265 4082 315 4141 ter
339 4075 491 4162 digresso,
509 4073 657 4139 Matildis
671 4075 866 4162 imperatrix
884 4074 927 4139 ad
950 4082 1078 4161 patrem
1094 4098 1188 4142 sumn
1204 4101 1314 4166 regem

267 4178 450 4244 Henricum
466 4180 501 4242 in
517 4177 756 4242 Normamriam
773 4177 891 4258 rediit;
915 4177 973 4242 ubi
988 4178 1056 4244 cito
1079 4185 1162 4266 post,
1179 4181 1315 4247 vivente

266 4283 381 4360 adhuc,
405 4288 444 4347 ut
467 4281 666 4368 praedicitnr‚
691 4281 797 4367 priore
824 4281 952 4362 marito,
977 4281 1129 4367 copulata
1151 4288 1204 4348 est
1225 4284 1314 4349 dicto

267 4384 414 4449 Galfrido
445 4383 671 4471 Plantagenet,
709 4384 821 4448 comiti
852 4383 1063 4470 Andegaviae‚
1088 4385 1128 4450 de
1159 4409 1223 4472 quo
1246 4409 1314 4451 sus·
1329 4402 1468 4469 Sayingor

101 4495 127 4546 J.
140 4496 252 4560 Brompt.
266 4489 352 4574 cepit
376 4487 559 4551 Honricum
576 4489 605 4565 2,
630 4487 837 4572 postmodum
861 4508 970 4573 regem
994 4487 1132 4573 Angliae.
1189 4497 1233 4552 Do
1258 4499 1315 4554 isto
1329 4471 1484 4521 scnemata

101 4562 150 4614 col.
163 4569 233 4614 1045.
354 4591 359 4601 ·
721 4588 726 4599 .
958 4588 963 4599 .
1067 4590 1072 4600 ,
1177 4593 1182 4601 ,
1328 4539 1469 4601 reopecting

267 4591 397 4645 Henrrco
415 4590 432 4642 2
451 4608 521 4660 rege
548 4588 694 4659 quondum
719 4589 872 4656 infantulo,
900 4595 929 4642 ct
956 4609 987 4643 ru
1012 4608 1094 4644 curra
1121 4609 1201 4662 regis
1226 4591 1315 4646 Fran·
1329 4604 1420 4670 fleury
1432 4605 1466 4656 11,

305 4766 1201 4836 ¹mwmmmwrfflmmw
