3232 5692
332 709 396 771 128
660 717 759 769 insu
780 718 890 768 suess
913 719 1050 770 esitius

161 898 268 951 Mirecls
279 907 304 950 et
329 901 454 958 ecclesis
471 900 523 955 ille
540 891 581 956 de
605 891 768 978 Remesey
784 917 838 971 pro
855 904 952 956 cestro
974 905 1133 965 teneretur,
1160 898 1296 956 ebullivit
1313 917 1378 956 sen·

162 965 281 1031 Bm'ey·
329 993 397 1065 gnis
416 1012 434 1048 o
451 993 610 1065 perietibus
629 993 760 1049 ecclesioe
778 999 809 1048 et
825 992 947 1049 claustri
965 991 1134 1064 udjscentis,
1147 991 1376 1064 indignationem

329 1077 460 1132 divinem
478 1078 667 1133 manifestans
692 1077 900 1132 sceleratorum
925 1076 1196 1133 exterminationem
1225 1075 1377 1133 denuntie-

162 1161 279 1213 ltxileoi
329 1161 380 1216 bet
399 1201 405 1215 .
426 1201 433 1216 .
452 1200 459 1215 .
479 1161 523 1215 Eo
542 1161 649 1234 quippe
668 1178 742 1216 enno
761 1166 790 1216 et
801 1160 971 1232 Ernulphus
989 1160 1068 1216 illius
1081 1159 1227 1226 Gelfridi,¹
1242 1160 1293 1232 qui
1310 1167 1378 1232 post

158 1228 283 1346 {mihi
329 1258 455 1308 mortem
481 1252 573 1324 petris
599 1252 752 1308 ecclesiam
769 1243 811 1308 (le
838 1243 1000 1329 Remesey
1017 1252 1228 1309 incastellatam
1243 1251 1375 1319 retinuit,

162 1361 282 1427 Geoffoey
329 1351 431 1416 ceptus
450 1351 496 1400 est
512 1351 543 1400 et
559 1352 679 1417 propter
695 1345 752 1402 hoo
770 1347 912 1402 exulatus.
949 1344 1149 1416 Princepsque
1164 1344 1293 1400 militurn
1311 1363 1377 1402 suo·

158 1430 192 1478 de
203 1429 308 1480 Mende·
328 1444 395 1482 rum
414 1427 444 1482 in
462 1427 589 1499 hospitio
608 1446 661 1484 suo
678 1429 715 1484 eb
733 1446 808 1501 equo
819 1447 957 1486 corruens
977 1427 1068 1483 effuso
1086 1427 1205 1483 cerebro
1223 1427 1375 1500 expiravit.

160 1494 263 1625 ἒῗξόἰ
276 1575 317 1626 hi.
328 1518 470 1591 Princeps
496 1526 593 1576 entem
618 1521 751 1593 peditum
769 1539 898 1587 suorum,
926 1521 1078 1592 Reynerus
1103 1520 1229 1586 nomine,
1257 1512 1298 1577 de
1321 1512 1376 1577 Pi.

160 1641 283 1706 principul
329 1611 446 1676 kerdia
468 1612 636 1694 oriundus,
655 1623 741 1695 cujus
759 1623 886 1678 officium
904 1621 1001 1677 fueret
1018 1621 1157 1677 ecclesius
1174 1621 1310 1694 frangere
1327 1623 1375 1678 rel

161 1707 265 1759 ⁰ffioeffl·
329 1722 493 1789 incendere,
513 1723 583 1778 dum
601 1742 681 1780 mere
699 1737 813 1781 versus
834 1713 968 1802 propria
985 1740 1053 1780 cum
1064 1739 1154 1777 uxore
1167 1723 1376 1778 sustrmsire²

328 1815 506 1894 affectaret,
524 1825 617 1890 nevis,
642 1816 678 1881 in
700 1838 766 1902 que
787 1821 867 1896 erat,
883 1821 1021 1882 extenso
1039 1813 1123 1893 velo,
1146 1815 1182 1879 in
1203 1814 1297 1900 equis
1320 1825 1374 1880 im·

328 1917 445 1973 mobilis
464 1917 630 1973 residebat.³
675 1917 758 1986 Quod
781 1923 944 1973 monstrum
967 1916 1065 1972 nentis
1084 1916 1277 1988 stupentibus,
1297 1925 1374 1972 sorte

329 1999 398 2056 dots
416 2001 461 2056 rei
474 2018 593 2056 censum
605 2001 831 2072 inquirentibus,
847 2018 910 2056 sors
923 2018 1013 2072 super
1024 2000 1192 2070 Reynerum
1204 2000 1375 2058 occidebat.⁴

334 2083 418 2152 Quod
437 2102 503 2140 cum
522 2084 573 2140 illo
599 2085 739 2140 nimirum
766 2087 836 2140 totis
862 2084 1077 2140 contradiceret
1101 2082 1225 2148 nisibus,
1250 2084 1376 2140 secundo

331 2177 362 2225 et
380 2169 469 2224 tertio
489 2185 552 2223 sors
576 2168 688 2240 juctetu
712 2169 744 2224 in
768 2186 836 2225 eum
854 2169 982 2224 devenit.
1027 2166 1147 2222 Positus
1166 2173 1212 2223 est
1228 2167 1321 2239 igitur
1345 2170 1377 2225 in

330 2253 449 2325 scopha,
478 2259 509 2308 et
533 2270 607 2308 uxor
633 2252 707 2324 ojus,
728 2270 762 2308 oc
788 2253 913 2325 pecunie
939 2251 1147 2308 scelestissime
1174 2252 1328 2323 acquisito,
1348 2261 1379 2309 ct

262 2400 264 2405 ,
334 2339 435 2395 stetim
453 2337 537 2392 navis
556 2354 646 2392 cursu
664 2336 849 2393 velocissimo
872 2346 907 2392 ut
924 2334 1028 2392 solito⁸
1046 2336 1156 2390 feceret
1174 2335 1299 2407 pelagus
1318 2340 1378 2395 sul.

336 2422 430 2478 cebet.
467 2420 585 2491 Scapha
601 2438 672 2477 vero
690 2438 757 2476 cum
774 2421 965 2492 nequissimis
984 2419 1081 2475 subite
1097 2421 1238 2492 voragine
1256 2422 1381 2480 eircum-

163 2524 284 2574 Fruitless
334 2515 424 2572 ducto
448 2515 479 2570 in
503 2521 645 2570 {eternum
670 2521 717 2570 est
740 2514 883 2586 absorpto.
930 2513 994 2569 Rex
1011 2509 1122 2569 autem
1145 2505 1279 2572 interim
1305 2534 1380 2573 nono

161 2590 273 2706 ffieo‘l'ns
284 2657 319 2722 by
335 2634 410 2674 enno
428 2607 522 2695 regni
544 2607 595 2671 sui
615 2616 797 2672 Lincolniam
821 2615 982 2672 obsidebat.
1028 2616 1087 2672 Ubi
1105 2636 1172 2673 curn
1190 2619 1381 2676 munitionem

162 2722 295 2787 stophe„
332 2716 434 2766 contre
473 2709 637 2774 castellum,
669 2708 748 2779 quod
771 2707 888 2763 comesi
918 2749 925 2763 .
955 2749 963 2764 .
992 2751 998 2764 .
1029 2709 1187 2766 Cistrensis
1222 2711 1379 2778 obtinebat,

334 2800 529 2860 construeret,
569 2799 737 2863 operatores
757 2792 803 2847 sui
822 2792 858 2847 ab
885 2792 1018 2848 hostibus
1044 2795 1194 2865 praesoceti
1222 2803 1291 2852 sunt
1319 2797 1381 2853 iere

335 2879 494 2950 octoginta.
544 2877 589 2933 Re
619 2877 713 2947 igitur
750 2876 931 2947 imperfecte,
962 2894 1014 2931 ren
1043 2879 1182 2933 contusus
1219 2879 1381 2938 abscessit.⁷

162 2972 317 3036 butcepture
330 2962 430 3028 Anno
453 2961 585 3048 quidem
608 2966 764 3046 sequente
783 2967 928 3023 Robertus
941 2970 1042 3025 consul
1055 2969 1220 3028 Gloverniae
1238 2980 1268 3029 et
1283 2974 1378 3030 omnis

158 3037 307 3157 3ξῖἓὶἳῇ
331 3067 519 3123 inimicorum
536 3063 683 3135 regalium
701 3068 795 3119 coetus
820 3061 974 3118 castellum
994 3063 1072 3134 opud
1096 3063 1295 3119 Ferendonem
1312 3082 1380 3120 con·

331 3156 513 3206 struxerunt.
551 3147 614 3203 Rex
639 3153 737 3203 eutem
758 3188 764 3201 .
787 3187 793 3201 .
816 3188 822 3201 .
843 3146 957 3202 viribus
982 3148 1089 3203 coactis
1116 3147 1187 3203 illuc
1213 3147 1377 3215 odvolebet,

332 3241 363 3290 et
392 3232 641 3288 londoniensium
661 3272 667 3286 .
690 3273 696 3286 .
718 3272 725 3285 .
744 3230 913 3303 copiosum·
930 3231 1092 3287 exercitum
1115 3231 1286 3288 adducebat.
1324 3233 1379 3289 As-

334 3327 467 3382 silicntos
498 3325 593 3396 igitur
622 3324 801 3396 aliquantis⁹
830 3323 933 3379 diebus
963 3329 1151 3388 cestrum..
1176 3366 1182 3380 .
1207 3337 1273 3381 non
1308 3317 1378 3383 sine

332 3444 441 3497 magne
460 3425 612 3497 sangoinis
632 3425 772 3480 effusione
790 3415 874 3480 illud
892 3423 1079 3496 excipientes,
1100 3417 1282 3484 Robertum
1305 3441 1378 3486 cum

334 3520 402 3584 suis
424 3518 536 3604 fugere
559 3517 792 3604 compulerunt.

997 3722 1039 3728 —..
1059 3722 1111 3728 ..--
1130 3724 1136 3728 .
1150 3723 1368 3732 .—-—.—-..

367 3848 373 3877 ¹
394 3842 522 3909 Golfridn]
541 3843 660 3903 consulis,
672 3843 705 3893 ll.
718 3844 796 3894 llunt.
854 3852 857 3911 !
912 3847 1026 3912 ‘cmosq
1046 3847 1141 3905 consul,
1153 3847 1186 3897 ll.
1199 3847 1278 3900 llnnt.

364 3925 375 3955 ²
391 3924 508 3989 ramira]
528 3923 650 3983 transiret,
663 3922 696 3972 Η.
710 3923 788 3974 Hunt.
854 3924 856 3929 ’
914 3928 922 3953 ⁷
940 3924 1004 3974 This
1014 3934 1131 3975 sentence
1142 3927 1259 3989 precedes
1269 3925 1312 3977 the
1323 3941 1378 3990 pre·

364 4006 374 4035 ⁸
391 4001 522 4068 residebat]
542 4003 608 4052 fecte
619 4008 664 4062 est,
677 4002 710 4052 H.
724 4002 801 4052 liunt
879 4003 952 4054 vious
963 4010 1060 4054 exosct
1070 4004 1096 4052 in
1108 4003 1144 4054 H.
1154 4003 1234 4055 liunt

364 4084 374 4114 ⁴
390 4080 524 4148 occidebat]
545 4082 779 4141 ceciditll.1lunt.
913 4085 923 4113 ⁸
938 4084 1070 4149 copiosum]
1084 4083 1379 4145 numerosumiillunt.

364 4164 374 4193 ⁸
390 4160 471 4228 solito]
491 4162 569 4227 prius,
580 4161 614 4212 H.
627 4163 704 4212 llunt
912 4164 923 4192 ’
939 4160 1084 4228 aliquantis]
1103 4163 1170 4223 totis,
1180 4163 1213 4215 H.
1225 4164 1304 4215 Huni.
