3232 5692
524 787 662 841 rsonae
683 787 791 839 sanas
813 790 964 841 rasurus.
1204 770 1268 846 275

227 955 423 1015 venundatum
441 958 537 1017 fuerat
562 960 689 1032 repetiit,
710 962 827 1018 nomine
848 961 1052 1030 commendati,
1072 963 1186 1020 fructus
1205 982 1270 1036 per·
1282 972 1352 1025 M).
1365 978 1436 1035 1¹9⁴·

223 1047 322 1111 captos
347 1060 401 1113 pro
419 1049 497 1100 sorte
523 1051 703 1117 computans,
723 1051 855 1104 cessante
881 1053 976 1118 pacto,
995 1047 1083 1104 titulo
1108 1053 1138 1104 et
1161 1048 1271 1104 instru-

222 1138 320 1189 mento
345 1151 536 1208 quocunqne;
569 1133 603 1195 et
625 1129 662 1193 in
684 1129 808 1216 Anglia
828 1151 887 1216 per
908 1130 1115 1217 aliquantum
1137 1136 1269 1218 tempus

221 1231 440 1293 commoratus
477 1233 535 1296 est
596 1229 700 1318 Cujus
735 1231 941 1298 coronationi
971 1233 1171 1299 Willielmus
1207 1255 1268 1299 rex
1281 1234 1364 1314 0105113
1375 1237 1406 1286 οἲ

221 1326 341 1395 Scotiae
363 1331 527 1411 assistens,
551 1354 572 1397 a
593 1354 669 1421 rege
693 1333 835 1400 Ricardo
858 1333 1041 1423 dignitates
1072 1341 1107 1403 et
1127 1336 1267 1402 honores
1279 1302 1440 1420 fflpof

220 1451 300 1514 quas
332 1436 553 1501 antecessores
583 1435 636 1501 sui
669 1435 868 1516 habuerunt,
900 1438 1078 1504 comitatus
1111 1438 1266 1506 videlieet
1279 1436 1400 1552 Ἄθω

219 1533 254 1597 N
256 1533 481 1618 orthumbriae,
505 1535 782 1618 Oumberlandiae,
805 1539 1094 1607 Westmerlaudiae
1116 1545 1151 1607 et
1180 1541 1399 1619 Lan-comae.

219 1637 357 1717 castriae,
380 1637 445 1702 sibi
478 1639 573 1705 reddi
603 1640 747 1727 repetiit,
771 1645 812 1708 ut
845 1643 887 1707 de
917 1642 992 1728 juro
1023 1648 1265 1709 antecessorum

199 1760 361 1804 suorum
408 1740 472 1807 cui
505 1763 565 1807 rex
596 1743 756 1809 Ricardus
787 1765 886 1831 super
907 1745 969 1810 hoe
990 1745 1034 1811 ad
1056 1751 1186 1833 tempus
1215 1769 1265 1812 re·

219 1841 377 1926 spondere
413 1843 594 1911 differebat
655 1845 779 1912 Tamen
814 1847 904 1913 inter
940 1869 1049 1936 regem
1087 1853 1265 1937 utrumque
1279 1854 1433 1922 agreement

219 1947 352 2028 pactum
385 1943 459 2024 fiat,
492 1947 710 2032 praesentibus
740 1949 907 2037 episeopis,
930 1951 1109 2016 comitibus
1131 1956 1166 2017 et
1188 1973 1265 2038 pro-
1277 1922 1422 2054 ᾗξὲᾚᾉθ

219 2046 354 2128 ceribus,
391 2047 487 2135 regni
523 2050 706 2137 utriusque,
745 2052 833 2137 quod
869 2052 940 2139 ipse
976 2075 1037 2118 rex
1075 2051 1198 2119 Scotiae
1231 2057 1266 2120 et
1278 2055 1332 2105 5⁰¹¹
1343 2057 1370 2106 1¹²

218 2149 352 2216 heredes
373 2151 426 2216 sui
447 2173 540 2239 reges
562 2152 682 2220 Scotiae
700 2153 744 2218 ad
758 2152 1014 2241 parliamentum
1029 2156 1116 2243 regis
1130 2155 1263 2243 anglia
1277 2122 1432 2240 ffffin,

217 2252 410 2319 summoniti
439 2254 643 2320 advenirent.
688 2253 789 2321 Unde
819 2277 881 2322 rex
911 2257 1072 2323 Ricardus
1104 2259 1265 2324 concessit
1276 2270 1367 2386 ffiz
1360 2264 1387 2305 ‘⁰

217 2354 323 2420 eidem
345 2353 525 2422 Willielmo
547 2357 618 2443 regi
641 2355 762 2424 Scotiae
785 2362 819 2424 et
841 2357 1017 2424 heredibus
1041 2359 1111 2424 suis
1132 2359 1170 2424 in
1192 2382 1264 2447 per-
1277 2396 1353 2440 mena

51 2476 181 2542 Hoveden,
214 2462 353 2542 pecuum
376 2465 463 2537 quod,
483 2465 712 2537 quandocunque
737 2466 795 2537 ipsi
820 2484 874 2539 per
899 2469 1154 2525 summonitionem
1184 2469 1265 2542 regis

50 2560 75 2610 P·
88 2548 144 2596 ⁷³⁸·
216 2565 334 2638 Angliae
351 2567 389 2623 ad
406 2557 659 2645 parliamentum
681 2579 739 2623 seu
756 2567 869 2623 eurum
892 2586 976 2624 suam
994 2569 1187 2637 adwnirent,l
1205 2573 1266 2643 epi·

217 2676 322 2730 scopus
340 2659 546 2716 Dunelmensis
565 2666 596 2715 et
611 2659 773 2717 vicecomes
791 2659 1012 2717 Nerthumbriae
1032 2663 1198 2737 reciperent
1215 2681 1265 2719 eos

216 2742 313 2815 apud¹
330 2761 437 2816 aquam
455 2743 491 2799 de
509 2743 624 2810 laede,
644 2743 722 2799 etin
741 2743 982 2801 salvoconductu
1000 2745 1159 2802 ducerent³
1171 2765 1265 2819 usque

216 2829 253 2883 ad
271 2846 377 2901 aquam
395 2828 432 2884 de
449 2827 536 2900 l'yse,
550 2833 581 2883 ct
597 2826 638 2882 ibi
656 2827 821 2899 reciperent
832 2845 881 2884 eos
893 2828 1129 2902 archiepiscopus
1147 2831 1266 2887 etvice-

216 2930 313 2969 comcs
338 2913 471 2978 Eboraci,
491 2918 522 2968 et
547 2912 579 2967 in
604 2911 685 2968 selvo
711 2911 856 2968 conductu
880 2911 1021 2969 ducerent
1050 2916 1099 2970 cols
1132 2914 1170 2970 ad
1193 2915 1265 2971 fines

217 2998 369 3054 comitatus
395 2996 598 3053 Eboreeensis.
635 2996 675 3052 Et
699 2996 743 3052 sic
767 3014 821 3069 per
845 2996 996 3069 episcopos
1022 3002 1053 3053 et
1078 2998 1265 3054 vicecomites

217 3080 393 3138 ducerentur
420 3080 456 3136 de
483 3080 623 3136 comitatu
649 3079 681 3133 in
705 3080 875 3135 comitatum
900 3081 991 3136 donec
1016 3083 1203 3154 pervenerint
1228 3083 1266 3138 ad

216 3165 329 3220 curiam
354 3164 464 3219 domini
488 3165 569 3236 regis
594 3162 721 3234 Angliae.
757 3163 797 3217 Et
822 3162 956 3235 quando⁴
974 3181 1025 3219 rex
1045 3163 1151 3221 Scotiae
1176 3168 1265 3222 intra·
1277 3176 1425 3228 Mamers

216 3250 293 3304 verit
319 3255 427 3305 terram
454 3248 535 3319 regis
558 3245 685 3317 Anglioe,
704 3245 824 3302 habebit
850 3247 980 3318 quotidie
1007 3248 1043 3303 de
1068 3249 1158 3306 bursa
1182 3245 1419 3322 registqhimsor

215 3332 333 3404 Anglim
350 3338 467 3389 centum
485 3330 593 3387 solidos
608 3328 683 3401 pro‘
700 3329 881 3385 liberatione.
919 3330 994 3386 Cum
1010 3335 1108 3387 autem
1125 3351 1177 3388 rex
1196 3333 1264 3390 Sco·
1276 3312 1336 3365 ‘¹¹⁹²'

216 3419 265 3474 tias
283 3417 321 3473 ad
338 3418 450 3474 curiam
468 3416 549 3488 regis
566 3414 684 3485 Angliae
701 3415 875 3486 pervenerit,
895 3415 1035 3484 quamdiu
1053 3416 1116 3487 ipse
1134 3418 1166 3472 in
1182 3419 1265 3473 curia

216 3502 296 3573 regis
314 3501 431 3573 Angliae
454 3517 567 3555 moram
593 3498 705 3564 fecerit,
724 3497 845 3553 habebit
864 3497 1014 3567 quotidie⁶
1032 3498 1067 3553 30
1085 3500 1203 3567 solidos,
1229 3502 1263 3556 12

215 3585 361 3643 pastellos
379 3583 549 3648 dominicos,
562 3582 597 3637 12
616 3581 764 3637 simnellos
782 3580 951 3646 dominicos,
970 3581 989 3635 4
1007 3582 1143 3639 cisteria⁷
1160 3584 1197 3640 de
1215 3585 1264 3641 do·

215 3670 323 3725 minico
340 3669 409 3725 vinc
426 3668 517 3740 regis,
537 3665 555 3722 8
573 3663 711 3721 cisteria⁷
729 3664 765 3720 de
783 3664 851 3720 vino
869 3664 1056 3737 expensabili,
1076 3668 1093 3720 2
1111 3667 1202 3724 libras
1226 3668 1263 3725 de

215 3755 326 3826 pipere,
345 3753 364 3807 4
381 3752 471 3808 libras
490 3750 526 3805 de
544 3749 660 3815 cinimo,
680 3750 697 3803 2
716 3756 814 3820 petras
841 3749 877 3804 de
901 3766 977 3814 cera,
996 3750 1045 3804 vel
1062 3750 1081 3804 4
1099 3769 1207 3818 cereos,
1226 3753 1263 3808 40

216 3856 333 3910 grossos
352 3843 383 3893 et
398 3834 502 3907 longos
520 3834 659 3906 eulpones
683 3832 720 3888 de
743 3832 889 3888 dominica
906 3850 974 3888 cera
990 3833 1081 3905 regis,
1101 3841 1131 3892 et
1147 3836 1184 3891 80
1202 3837 1263 3892 cul-

215 3940 304 3994 pones
331 3922 368 3977 de
394 3921 453 3976 alia
478 3919 599 3975 candela
623 3916 813 3989 expensabili.
851 3916 891 3973 Et
908 3935 976 3972 cum
993 3918 1057 3990 ipse
1081 3919 1112 3974 in
1137 3920 1262 3990 patriam

217 4025 299 4064 suam
317 4005 413 4062 redire
430 4003 566 4069 voluerit,
586 4001 759 4059 duceretur⁸
778 4019 831 4075 per
857 4001 1010 4074 episcopos
1028 4009 1058 4058 et
1076 4004 1262 4061 vicecomites

250 4320 257 4352 ¹
275 4318 428 4385 advenirent]
446 4317 568 4378 venirent,
580 4317 614 4368 li.
795 4316 805 4344 ⁸
822 4312 898 4366 After
914 4314 1018 4380 qwtidie
1028 4316 1108 4369 insert
1123 4318 1154 4368 de
1171 4317 1261 4369 libera·

249 4401 259 4428 ²
275 4415 314 4447 eos
324 4397 404 4463 apud]
423 4397 532 4456 eumad,
545 4396 580 4445 Η.
760 4392 836 4454 tione,
848 4395 883 4444 Π.

248 4480 259 4508 ¹
276 4478 350 4527 Alter
360 4477 473 4526 ducerent
483 4476 561 4525 insert
572 4489 622 4536 eos,
634 4473 668 4525 li.
794 4477 803 4504 ¹
820 4475 932 4539 ratem]
952 4475 1066 4538 sextaria,
1078 4475 1112 4527 11.

248 4556 383 4622 ‘qacndo]
401 4572 435 4606 ex
445 4571 503 4621 quc,
514 4555 548 4606 Η.
795 4553 961 4620 ⁸ducerear]
980 4558 1139 4618 conducetur,
1151 4555 1185 4608 H.

248 4641 258 4669 ⁶
270 4639 332 4704 pro]
351 4639 391 4700 de,
401 4635 435 4687 Η.

1066 4733 1085 4783 s
1106 4719 1128 4783 2
