3232 5692
488 760 661 810 arcitanus
683 760 792 810 sasas
815 765 989 814 sarrruua
1192 753 1257 816 423

215 932 362 1001 onerati¹
411 935 500 1016 Quos
531 936 575 1000 xl.
607 935 728 1001 solidos
760 959 885 1001 annuos
919 938 999 1002 dicti
1024 937 1196 1023 Raynerus
1221 941 1336 1006 etsi).
1352 961 1411 1006 mer

214 1037 377 1103 Robertus
415 1044 491 1125 post
524 1038 717 1103 decennium
755 1038 851 1103 nobis
880 1036 1100 1103 remiserunt.1
1167 1038 1255 1103 Prae-
1268 1028 1359 1074 ⁴²³⁵·

212 1139 341 1225 scriptae
363 1147 473 1206 autem
496 1142 639 1227 quinque
661 1140 792 1206 bovatae
815 1147 921 1219 terrae,
945 1163 1026 1225 quus
1041 1141 1149 1206 dictus
1173 1138 1257 1204 Wil-

212 1241 328 1307 lelmus
359 1243 399 1309 de
433 1244 529 1308 Ruda
551 1244 659 1308 senior
683 1243 774 1308 dedit
807 1242 933 1308 Simoni
964 1244 1033 1308 filio
1064 1266 1123 1309 suo
1148 1247 1192 1321 2⁰,
1216 1248 1256 1308 ut

211 1344 393 1429 pectamur,
409 1368 467 1432 pro
490 1367 528 1410 eo
550 1345 637 1431 quod
664 1345 732 1432 ipse
756 1346 870 1411 Simon
891 1346 962 1411 sinc
984 1346 1102 1411 herede
1129 1347 1170 1411 de
1185 1368 1255 1411 cor-

211 1466 289 1530 poro
315 1468 374 1511 suo
407 1451 574 1534 procreato
604 1447 788 1528 decedebat,
816 1449 860 1513 ad
884 1446 1086 1513 Willelmum
1120 1448 1255 1513 fratrem

210 1569 305 1613 suum
328 1550 560 1636 praescriptum,
585 1549 840 1636 primogenitum
858 1549 939 1615 dicti
962 1548 1120 1614 Willelmi
1146 1550 1252 1636 primi,

210 1655 368 1736 tauquam
390 1652 455 1715 ad’
478 1652 629 1717 heredem
652 1652 839 1739 proximum
867 1651 1117 1718 descendebant
1163 1651 1254 1732 Quae

62 1810 65 1819 .
160 1751 163 1757 '
209 1751 278 1837 ipse
300 1752 485 1818 Willelmus
516 1753 629 1839 junior
653 1775 726 1819 cum
749 1775 783 1819 sc
815 1755 885 1840 ipso
913 1753 1008 1819 nobis
1034 1759 1149 1840 postea
1178 1775 1253 1832 con·

210 1855 310 1935 tulit;
341 1855 427 1921 sicut
460 1855 496 1920 in
527 1861 673 1942 tempore
707 1856 876 1922 Michaelis
912 1855 1043 1921 abbatis
1076 1862 1096 1920 8
1137 1857 1253 1922 resere-

211 1963 275 2023 tur.

153 2338 158 2351 ,
254 2275 310 2339 VI.
334 2275 383 2342 Dc
405 2274 506 2342 tersis
527 2281 557 2342 ct
578 2272 795 2341 tertcmeotia⁸
812 2275 855 2340 in
877 2275 1006 2351 Setovia,
1029 2272 1208 2360 Erptotrm,

430 2377 668 2463 Dodyaptorua,
691 2376 825 2463 Befmtt
847 2383 877 2443 et
900 2377 1009 2443 Moru.

250 2548 416 2613 Amaldus
449 2549 537 2613 filius
568 2546 726 2611 Willelmi
758 2546 798 2610 de
830 2546 983 2628 Areyns,⁴
1017 2545 1058 2610 de
1082 2567 1148 2631 quo
1168 2566 1252 2631 pne·
1266 2558 1364 2614 Setona

206 2650 319 2729 fertur,
358 2650 485 2715 remisit
522 2647 615 2714 nobis
645 2670 704 2735 per
740 2647 838 2712 finem
871 2651 938 2712 tres
975 2648 1115 2712 bovatas
1146 2650 1253 2727 teme,

206 2773 288 2838 quas
322 2750 508 2816 Willelmus
541 2756 636 2836 pater
670 2771 747 2815 suus
777 2749 894 2814 dedit⁵
930 2748 1025 2813 nobis
1055 2749 1090 2813 in
1121 2749 1336 2815 Semnones.

207 2855 396 2940 Alanusque
427 2854 514 2918 filius
545 2852 704 2918 Willelmi
734 2854 774 2917 de
805 2852 929 2916 Setona
958 2851 1051 2916 dedit
1082 2852 1185 2931 nobie,
1209 2841 1385 2960 admit·s

206 2958 447 3041 eleemosynam
470 2946 576 3043 po‘rtm
609 2954 871 3029 sustentandam,
906 2975 1052 3017 annuum
1083 2953 1250 3018 redditum
1263 2925 1418 3028 maine

207 3064 348 3144 quatuor
371 3058 579 3121 denariorum
614 3056 656 3121 dc
689 3077 755 3120 uno
786 3056 872 3119 tofto
905 3055 941 3118 in
974 3055 1094 3120 cadem.
1140 3056 1252 3141 Atque
1263 3051 1329 3108 We·

206 3161 313 3225 dictus
352 3159 511 3224 Ricardua
548 3158 649 3223 abbas
680 3156 731 3227 7¹¹⁸
761 3157 854 3222 dedit
891 3157 962 3243 [ad]
1000 3157 1086 3221 feodi
1124 3157 1251 3222 firmani

206 3263 330 3349 Agneti
353 3262 430 3327 filiae
453 3261 534 3326 dicti
558 3260 658 3325 Aiani
691 3282 793 3324 unum
817 3259 941 3324 toftum
964 3264 999 3324 et
1021 3281 1122 3324 unam
1145 3281 1252 3325 acram

186 3360 313 3444 'terrae
337 3369 377 3429 ut
399 3364 472 3450 ipsa
494 3362 645 3429 redderet
678 3360 773 3426 nobis
807 3361 864 3425 xii.
899 3361 1051 3426 denarios
1071 3363 1252 3427 annuatim.

205 3468 288 3549 Quae
320 3466 443 3532 toftum
477 3471 512 3530 et
542 3487 650 3530 acram
694 3469 792 3530 terrae
826 3463 1011 3529 Willelmus
1047 3463 1136 3530 filius
1172 3486 1251 3530 suus

203 3570 299 3636 nobie
322 3574 433 3658 postea
466 3567 645 3632 relaxabat.
700 3566 881 3652 Petrusquc
912 3566 1000 3631 filius
1022 3565 1186 3632 iohannis
1209 3568 1397 3639 chrchoma

205 3674 310 3739 Melea
331 3671 475 3736 reddidit
498 3670 593 3735 uobis
625 3673 730 3734 totam
758 3674 944 3735 carucatam
967 3677 1065 3734 terrae
1087 3691 1161 3734 cum
1191 3691 1249 3735 sex

203 3775 307 3851 tostis,
331 3780 365 3838 et
395 3773 568 3837 servitium
602 3774 622 3836 2
654 3772 851 3836 bovatamm
885 3775 990 3848 terrae,
1015 3770 1050 3834 in
1074 3772 1247 3858 Erghoms,

203 3899 277 3963 quae
300 3875 433 3940 domino
457 3875 617 3940 Nicholao
640 3875 681 3940 de
697 3872 888 3959 Stutevylla
910 3872 946 3936 in
969 3873 1167 3938 escambium
1189 3896 1248 3960 pro

202 3984 274 4045 toto
297 3978 429 4064 capitali
453 3977 599 4043 dominio
622 3998 680 4040 suo
703 3977 739 4040 iu
762 3976 916 4060 Skyrena
930 3975 1022 4060 prius
1044 3974 1246 4056 dederamus,

201 4088 241 4146 ut
264 4081 442 4168 praefertur.
489 4079 534 4143 Et
568 4078 733 4143 Walterus
766 4077 854 4141 filius
888 4075 1029 4142 Galiridi
1060 4076 1100 4140 de
1133 4076 1246 4164 Ascby
1259 4065 1383 4136 1³0⁶!ssss-

1257 4140 1326 4186 tona.

236 4349 243 4380 ¹
260 4364 320 4411 quoe
335 4382 342 4396 .
360 4381 368 4395 .
386 4382 392 4394 .
409 4345 563 4410 remiserunt]
583 4345 633 4395 Sed
644 4360 701 4394 cum
777 4345 788 4374 ²
803 4342 879 4392 ΑΜ
889 4341 924 4391 ud
934 4342 1012 4392 insert
1023 4343 1133 4403 intrem,
1145 4345 1174 4394 Ρ.

201 4427 268 4492 ipsos
297 4432 330 4475 40
352 4424 455 4485 solidos,
477 4424 582 4483 scilicet,
602 4439 646 4488 per
670 4429 701 4473 10
778 4423 905 4471 'territet
917 4422 1066 4487 tenemmtis]
1079 4422 1246 4486 acquisitione

202 4520 281 4557 anuos
292 4503 435 4568 etamplius
446 4502 622 4567 percepissent,
633 4503 701 4567 ipsos
745 4510 866 4551 terrarum
878 4509 904 4551 et
915 4509 1121 4563 tenementomm,
1132 4502 1161 4551 P.

201 4592 234 4635 40
251 4584 344 4635 solidos
363 4583 436 4633 nobis
458 4583 640 4647 imperpetuum
662 4597 701 4632 re·
779 4583 787 4611 ⁴
804 4581 914 4646 streptu]
934 4582 1057 4645 Arrepm,
1069 4581 1097 4630 Ρ.

200 4666 337 4724 mittebant,
351 4663 378 4712 Ρ.
525 4693 530 4703 ·
780 4661 790 4689 '
805 4659 883 4726 dedit]
903 4662 1012 4721 dederat,
1027 4661 1056 4711 l'.
