3232 5692
542 801 681 850 rnouas
702 801 809 849 assas
832 804 985 852 rannus.
1224 793 1308 856 261.

244 974 411 1057 applicans
443 974 565 1059 reperit
596 974 765 1039 civitatem
788 996 878 1039 casso
900 975 1011 1039 labore
1034 998 1092 1061 per
1113 976 1286 1041 biennium
1302 979 1458 1037 A.D.1191.

242 1074 413 1152 obsessam,
427 1073 633 1161 'portumque
664 1077 809 1140 civitatis
833 1076 959 1141 catenis
987 1076 1100 1141 ferreis
1127 1078 1285 1142 interclu-
1301 1058 1435 1178 322³&

242 1199 323 1254 sum,
345 1199 387 1241 ne
409 1178 572 1262 indigenas
605 1200 662 1264 per
683 1177 828 1242 assultus
850 1177 1035 1242 maritimos
1058 1178 1284 1244 turbarentur.

241 1279 400 1344 Ricardus
416 1302 491 1365 ergo
514 1282 600 1366 ipsas
622 1287 752 1345 catenas
774 1280 982 1366 confringens
1005 1302 1079 1345 cum
1104 1303 1163 1345 sua
1185 1281 1286 1347 classe

241 1382 384 1446 assultus
406 1382 563 1468 plurimos
585 1383 769 1448 exhibebat.
827 1383 901 1446 Rex
931 1403 1010 1447 vero
1034 1383 1184 1448 Franciae
1207 1390 1286 1449 ante

240 1483 421 1547 adventum
443 1485 576 1550 Ricardi
599 1485 770 1550 civitatem
792 1484 971 1549 assultibus
993 1508 1060 1551 non
1083 1488 1285 1566 commovit;

240 1584 297 1649 sed
331 1586 471 1661 Ricardo
504 1589 670 1653 assiliente
701 1594 735 1652 et
767 1588 836 1674 ipse
873 1588 998 1673 pariter
1034 1589 1205 1653 civitatem
1235 1594 1286 1653 est

283 1709 420 1773 gressus.
466 1690 593 1756 Deinde
616 1695 737 1768 autem,
761 1696 834 1776 post
857 1691 1018 1755 assultum
1050 1691 1194 1777 primum
1225 1696 1285 1756 aut

73 1776 427 1895 &lifffggn’secundm
444 1805 507 1855 orta
524 1806 569 1855 est
586 1801 703 1856 discidii
721 1801 844 1855 materia
860 1800 938 1855 inter
961 1800 1059 1872 ipsum
1078 1802 1237 1857 Ricardum
1257 1806 1286 1856 et
1299 1791 1406 1854 (lumel

116 1882 123 1894 ’
202 1884 208 1896 '
240 1890 409 1962 Philippum
429 1910 526 1963 regern
547 1893 677 1948 Francius
695 1893 726 1947 in
748 1895 826 1947 hunc
843 1893 971 1947 modum.
1009 1894 1072 1948 Rex
1090 1894 1230 1958 Francia,
1251 1912 1287 1949 ex
1298 1860 1409 1975 {ciffi

240 1988 324 2053 pacto
351 1985 428 2055 quod
451 1977 570 2041 fecerat
604 1999 679 2041 cum
712 1997 789 2062 rege
822 1975 986 2041 Ricard0¹
1027 1987 1105 2057 apud
1141 1987 1283 2051 Turones,
1297 1994 1348 2042 and
1360 1992 1453 2057 Philip.

239 2084 412 2140 vendicabat
436 2087 622 2142 medietatem
649 2087 859 2158 acquisitorum
880 2077 1052 2143 *Ricardi'
1074 2088 1105 2141 in
1123 2086 1222 2158 (lipro.
1259 2086 1307 2157 n,

239 2182 347 2240 contra,
367 2196 418 2232 rex
436 2179 580 2234 Ricardus
599 2180 673 2233 dixit
691 2197 722 2233 so
741 2180 891 2250 pepigisse
909 2180 945 2234 de
963 2180 1126 2252 ‘acquisitis
1145 2180 1176 2233 in
1195 2178 1286 2233 Terra

240 2266 346 2322 Sancta
358 2274 387 2323 et
398 2275 497 2324 contra
510 2270 685 2325 Sarracenos
705 2312 712 2324 .
735 2311 741 2325 .
763 2311 770 2325 .
790 2271 859 2325 Alia
875 2285 955 2328 vero
970 2290 1059 2327 causa
1077 2272 1134 2326 luit
1151 2268 1288 2325 discidii²

239 2359 316 2428 qnod
335 2377 384 2413 rex
403 2361 533 2416 Francim
551 2362 645 2416 noluit
662 2363 818 2432 quicquam
836 2370 972 2418 mutuare
989 2363 1088 2418 comiti
1107 2362 1284 2433 Campaniae,

237 2461 306 2510 tunc
328 2442 450 2508 ibidem
473 2453 558 2507 valdo
577 2453 730 2524 indigenti,
750 2453 808 2507 nisi
827 2454 884 2508 sibi
903 2455 1067 2509 invadiaret
1084 2453 1284 2524 Campaniam.

237 2547 319 2601 Tunc
337 2563 434 2601 comes
452 2546 502 2609 ait,
520 2545 617 2599 “Feci
631 2545 708 2616 quod
720 2545 817 2607 debui,
832 2546 935 2600 amodo
948 2547 1051 2600 faciam
1064 2545 1143 2616 quod
1160 2550 1283 2616 oportet.

239 2632 259 2656 “
279 2630 421 2684 Dominus
440 2646 523 2681 meus
541 2645 588 2683 mo
606 2645 664 2682 non
682 2628 789 2698 recipit
805 2628 864 2681 nisi
891 2646 944 2700 pro
962 2645 1037 2683 meo.
1074 2627 1189 2683 Vadam
1213 2645 1285 2699 ergo

239 2715 259 2739 “
278 2713 314 2768 ad
342 2731 408 2767 eum
428 2713 478 2783 qui
505 2712 635 2782 paratior
660 2716 705 2765 est
730 2712 800 2766 dare
818 2729 906 2782 quam
931 2711 1094 2783 accipere.'’
1138 2709 1224 2766 Unde
1248 2711 1285 2766 ad

236 2814 337 2866 regem
356 2795 516 2850 Ricardum
528 2795 649 2850 veniens
667 2795 775 2850 ditatus
794 2800 847 2849 est.
886 2796 1011 2867 Insuper
1030 2802 1059 2851 et
1076 2813 1128 2850 rex
1139 2794 1284 2850 Ricardus

237 2880 354 2935 fovebat
383 2886 496 2950 partem
526 2920 532 2932 .
566 2920 573 2932 .
604 2879 685 2949 regis
716 2879 956 2934 lerosolimorum
986 2886 1088 2935 contra
1117 2879 1284 2934 Oonradnm

236 2971 436 3026 Marchionem
464 2962 527 3026 *de
552 2960 840 3039 Mountferrant,'³
867 2988 954 3041 quem
979 2989 1032 3025 rex
1057 2971 1237 3025 Francorum
1267 2989 1283 3026 e

237 3077 336 3126 contra
353 3072 477 3125 fovebat.
521 3071 700 3141 Properatur
723 3076 821 3124 tamen
839 3070 877 3125 ad
899 3062 1042 3146 ejusdem
1067 3062 1214 3126 civitatis
1237 3063 1439 3144 911-ῈῶΨοί

236 3172 455 3241 pugnationem,
475 3189 539 3242 qum
563 3171 625 3240 jam
654 3189 707 3242 per
724 3171 874 3225 biennium
898 3169 976 3228 ante
1000 3163 1133 3228 Ricardi
1162 3130 1418 3259 adven-30:¹3⁹
1455 3220 1459 3225 .

235 3269 317 3341 tum,
333 3270 374 3328 111
396 3264 591 3348 praedicitur,
607 3290 690 3327 casso
707 3272 807 3326 labore
832 3273 929 3327 fuerat
945 3274 1073 3329 obsessa.
1110 3274 1188 3328 Nam
1204 3271 1282 3330 ante
1295 3262 1426 3381 Βῑῖξξῖὓ

236 3388 307 3450 ejus
329 3366 507 3430 adventum
530 3373 672 3428 machinas
691 3372 757 3425 urbi
776 3373 898 3426 admota)
916 3375 986 3444 igne
1005 3373 1116 3437 Graeco,
1131 3376 1182 3445 qui
1201 3344 1344 3431 nullaam
1387 3368 1394 3381 ⁶

236 3485 312 3537 aqua
330 3485 383 3521 nec
402 3467 458 3521 alio
477 3467 618 3520 elemento
636 3463 768 3532 extingui
786 3468 907 3533 poterat,
927 3466 1179 3520 comburebantur.
1225 3467 1283 3521 Ex·

236 3551 344 3604 ercitus
363 3550 450 3603 etiarn
470 3549 653 3603 Christianus
671 3546 778 3616 partim
797 3547 898 3600 morbo
916 3549 1024 3618 partim
1042 3548 1140 3603 inedia
1156 3550 1282 3604 minora-

236 3634 339 3698 batur;
361 3639 391 3686 ct
402 3634 490 3687 etiarn
507 3636 627 3702 propter
639 3629 817 3682 discordiam
834 3629 912 3683 inter
929 3647 1031 3700 regem
1044 3632 1240 3686 Ierosolimaa⁴
1253 3638 1282 3687 et

236 3717 421 3782 conradum
446 3723 645 3777 Marchionem
663 3721 694 3774 in
711 3726 807 3790 partes
826 3720 1020 3777 dividebatur.
1056 3723 1176 3778 Necnon
1188 3724 1282 3795 aliqui

235 3828 334 3898 magni
353 3828 389 3881 dc
407 3825 513 3881 nostris
531 3823 655 3894 pecunia
674 3821 801 3875 Saladini
822 3824 1091 3894 corrumpebantur.
1135 3816 1282 3880 Adveni-

235 3926 310 3985 ente
333 3925 444 3983 autem
469 3915 610 3980 Ricardo
632 3936 709 3999 rege
733 3914 843 3977 nullus
865 3936 960 3978 suam
981 3916 1281 4001 peregrinationem

235 4021 440 4086 dissimulare
473 4039 572 4083 ausus
595 4015 677 4094 fuit3
708 4014 765 4079 sed
788 4037 900 4080 omnes
929 4018 1052 4102 pariter
1073 4018 1116 4082 ad
1138 4021 1282 4085 assultus

70 4119 138 4233 ἔξω,
235 4124 381 4188 civitatis
403 4127 483 4185 suat
507 4119 658 4206 aggressi.
706 4116 857 4195 Quadam
880 4124 992 4182 autem
1018 4124 1113 4184 nocte
1135 4127 1210 4206 post
1231 4119 1398 4198 wlsius.

69 4187 164 4314 pelli]
234 4226 350 4301 sultus,
366 4224 532 4287 machinas
554 4221 640 4307 regis
656 4219 813 4296 Franciae,
829 4221 1034 4306 negligenter
1055 4243 1154 4308 prope
1169 4245 1280 4290 muros
1292 4202 1396 4308 ἵξῃ

68 4317 96 4369 J.
107 4318 222 4383 Brompt

69 4385 116 4435 σοι
130 4390 202 4436 12οι
272 4452 347 4500 'cam
365 4487 371 4499 ,
388 4487 395 4500 .
414 4447 536 4512 Ricardo]
555 4447 622 4496 inter
637 4462 671 4506 se,
684 4444 716 4494 II.
815 4445 916 4510 ‘repen
937 4443 1100 4512 Ieromlymoe]
1130 4448 1283 4513 Guinonn,

268 4532 278 4559 ²
294 4528 405 4592 discidii]
424 4526 563 4582 discordia..
576 4526 610 4574 H.
783 4523 844 4589 Hig.

268 4612 278 4639 ³
296 4610 391 4671 Regem
403 4607 466 4663 Tiri.
478 4606 572 4664 erased,
591 4605 637 4654 but
654 4603 738 4653 which

235 4690 258 4738 is
270 4689 312 4737 the
324 4687 429 4750 reading
441 4685 468 4734 in
481 4685 592 4749 Higdcn.
