3256 5692
374 787 440 851 400
696 799 794 850 noco
815 797 925 848 annas
947 798 1105 860 ourrrus

206 982 274 1035 Μ).
290 985 360 1033 ¹218.
373 972 573 1051 exheredati,
600 973 657 1039 sed
688 974 795 1039 clerici
829 995 889 1061 pro
913 975 1102 1060 quantitate
1127 971 1234 1061 culpae
1260 977 1321 1039 aut
1343 976 1424 1039 sunt

373 1076 539 1141 beneficiis
565 1077 686 1163 privati
711 1075 837 1141 autad
860 1077 984 1142 curiam
1010 1077 1190 1141 Romanam
1212 1099 1272 1164 pro
1292 1075 1424 1142 absolu·

205 1187 323 1267 uenena
335 1187 365 1237 os
374 1181 464 1246 tione
494 1179 687 1245 transmissi.
748 1179 848 1245 Anno
874 1201 1004 1266 quoque
1035 1180 1194 1266 sequenti,
1225 1180 1268 1245 ad
1301 1180 1425 1266 parlia-

205 1255 320 1306 ’ΜΗ
373 1288 524 1348 mentum
549 1281 730 1375 Londoniis
753 1287 893 1360 tentum,
923 1281 1094 1348 libertates
1115 1304 1229 1348 omnes
1251 1305 1334 1369 quas
1363 1305 1424 1347 rex

346 1439 350 1448 .
374 1385 465 1471 priua
488 1391 690 1449 concesserat
705 1390 740 1449 et
760 1384 828 1449 suis
851 1384 974 1450 chartis
989 1385 1182 1473 patentibus
1204 1385 1424 1452 confirmabat

207 1493 356 1560 Asuundy.
373 1486 505 1552 fuerant
531 1491 709 1552 renovatae.
761 1485 870 1567 Quare
893 1487 935 1552 de
958 1508 1154 1574 unaquaque
1176 1493 1332 1553 carucata
1358 1493 1425 1552 ter-

207 1608 333 1673 uanulph,
374 1611 419 1654 rae
436 1587 567 1676 Anglirc
583 1590 648 1653 duo
670 1588 767 1654 solidi
789 1589 859 1673 regi
881 1589 1149 1656 concedebantur.
1202 1590 1282 1655 Post
1305 1591 1424 1676 praefa-

206 1675 318 1791 {iffi
373 1697 443 1757 tam
474 1714 553 1757 vero
587 1692 794 1758 concordiam
825 1691 1022 1778 Ranulphns
1046 1714 1153 1759 comes
1179 1691 1319 1759 cestriae
1347 1716 1424 1781 pro-

373 1795 479 1861 fectus
516 1800 567 1861 cst
613 1794 847 1872 lerosolimam,
885 1799 920 1861 et
966 1799 1063 1883 capta
1107 1800 1158 1861 est
1203 1795 1364 1861 Damiata
1403 1819 1424 1860 a

376 1896 580 1964 Christianis,
650 1898 723 1963 Hoc
759 1919 847 1962 auno
885 1902 1111 1964 convenerunt
1144 1899 1249 1985 primo
1283 1898 1424 1964 abbates

375 2002 461 2088 nigri
491 2001 578 2088 apud
609 1999 783 2080 Oxoniam,
806 2000 850 2066 ad
873 2003 1085 2067 tractandum
1108 2001 1148 2066 de
1173 2001 1297 2067 ordine
1348 2002 1424 2067 Rex

375 2105 539 2170 Henricus
560 2104 684 2191 incepit
710 2126 835 2169 novum
858 2124 940 2190 opus
961 2104 1050 2192 apud
1071 2104 1422 2185 westmonasterium

374 2214 407 2274 et
431 2207 626 2295 Ranrriphus
647 2228 753 2273 comes
784 2206 922 2274 Cestriae
945 2209 1075 2274 rediens
1099 2208 1140 2274 dc
1162 2208 1264 2273 Terra
1295 2206 1423 2273 Sancta

372 2311 550 2377 aedificavit
572 2314 679 2376 castra
694 2309 735 2375 de
759 2308 936 2397 Gharteley
951 2317 985 2376 ct
1009 2310 1173 2376 Boestona
1191 2313 1226 2375 ct
1248 2308 1421 2375 abbatiam

372 2415 412 2477 de
438 2391 642 2477 Diwlacrcse
665 2412 892 2479 Cistereiancis
915 2412 1049 2492 ordinis,
1076 2413 1281 2498 adquorum
1309 2435 1424 2500 sumn

372 2521 426 2580 tus
450 2521 629 2579 castrorum
651 2514 739 2600 cepit
758 2515 932 2602 tallagium
955 2537 1014 2601 per
1035 2519 1139 2581 totam
1155 2514 1323 2602 Angliam.
1369 2515 1422 2581 Dc

371 2617 472 2703 gestis
512 2620 624 2680 autem
663 2617 931 2682 memorabilibus
968 2616 1115 2702 ejusdem
1154 2618 1241 2704 regis
1279 2617 1422 2682 Heariei

370 2717 569 2804 temporibus
595 2717 751 2782 abbatum
776 2718 1046 2804 subsequentium
1071 2725 1182 2807 postca
1204 2719 1373 2785 referetur.
