3232 5692
324 753 388 816 110
655 767 755 819 insu
776 768 885 820 ienis
908 723 1070 822 essuos·
1158 829 1164 843 ‚

152 937 484 1059 ffidltffitanucm
515 943 691 1030 sacrilegus
717 942 922 1028 judicaretur
953 951 988 1011 et
1024 945 1373 1012 excommunimtionis

221 1040 244 1060 '’
268 1046 272 1051 “
322 1042 449 1109 ultione
471 1045 676 1132 plecteretur.
723 1046 797 1112 Hoc
819 1047 920 1112 etiem
942 1047 979 1112 in
1001 1049 1155 1114 omnibus
1174 1046 1374 1135 praescriptis

322 1145 421 1212 bullis
453 1145 534 1213 eeu¹
558 1147 742 1235 privilegiis
773 1148 816 1214 sd
849 1148 984 1236 plenum
1015 1149 1243 1216 considerato³
1265 1155 1300 1216 et
1329 1148 1374 1215 ab

321 1269 518 1335 unoquoque
555 1249 702 1336 ipsorum
739 1270 942 1315 summorum
980 1251 1190 1338 pontificum
1213 1250 1373 1330 stabilito,

321 1347 386 1416 ut⁸
416 1353 653 1417 monesterium
685 1356 842 1427 nostrum,
874 1351 909 1416 in
943 1373 1008 1438 quo
1040 1353 1155 1419 divino
1193 1351 1373 1439 mancipati

322 1474 435 1518 sumus
466 1452 632 1539 obsequio,
674 1453 736 1518 sub
768 1453 858 1519 besti
893 1453 984 1520 Petri
1016 1460 1050 1520 et
1081 1476 1140 1520 eus
1169 1454 1374 1542 protectione

321 1554 580 1642 msoipiebetur;
603 1553 687 1620 illud
703 1556 867 1642 praecipue
882 1556 1064 1623 statuendo
1087 1563 1126 1623 ut
1149 1557 1229 1623 ordo
1244 1578 1373 1622 monss-

321 1656 416 1734 ticus,
438 1657 495 1743 qui
516 1657 695 1723 seeundum
727 1658 837 1723 Deum
859 1663 895 1723 et
918 1657 1009 1723 besti
1033 1658 1204 1724 Benedicti
1225 1657 1372 1746 regulam

322 1762 357 1824 et
378 1758 626 1824 institutionem
649 1759 885 1824 monachorum
908 1758 1176 1826 cisterciensium
1209 1760 1245 1825 in
1278 1758 1372 1846 ipso‘

321 1861 521 1927 monasterio
558 1860 756 1927 noscebatur
804 1861 991 1942 institutus,
1038 1855 1205 1949 perpetuis
1250 1861 1372 1928 ibidem

321 1963 524 2050 temporibus
546 1961 786 2029 inviolabiliter
801 1963 1001 2030 observetur.
1048 1963 1244 2050 Praesctipte
1259 1968 1372 2029 eutem

323 2064 452 2152 Belege,
466 2072 507 2131 ut
528 2064 761 2153 praescribitur,
785 2065 882 2131 nobie
903 2065 1025 2145 ableto,
1048 2061 1171 2131 modo⁶
1194 2069 1245 2131 est
1267 2064 1373 2130 moni·

154 2165 289 2298 ἓξὲξ-ω.
321 2165 424 2234 ulium
447 2167 489 2233 de
511 2165 681 2253 Swyne3⁶
710 2173 744 2233 et
766 2167 915 2233 vaccario
947 2167 1019 2255 ipsu
1048 2167 1089 2233 de
1111 2167 1330 2255 Akonebergu
1351 2157 1395 2232 α’

152 2268 419 2438 mci:
451 2274 916 2437 cessistis
1282 2289 1372 2436 ut

155 2432 293 2564 ddssQ
322 2472 420 2551 locu,
442 2477 597 2538 vocatum
621 2473 749 2560 Bergbe
776 2473 879 2558 juxte
900 2471 982 2549 Ake,
1004 2473 1040 2538 in
1063 2473 1217 2558 parochis
1247 2473 1288 2541 de
1311 2473 1373 2538 Lo·

322 2573 519 2663 kyngtonc3
549 2576 585 2640 in
607 2597 680 2662 que·
694 2574 907 2662 parochio-et
930 2576 1002 2661 ipse
1024 2573 1163 2662 grangia
1185 2574 1225 2639 de
1249 2573 1371 2661 Belage

279 2748 283 2755 ,
322 2683 374 2744 est
407 2678 551 2758 situatc3
582 2677 637 2742 vel
667 2678 733 2743 nisi
765 2677 838 2763 ipso
871 2676 1092 2763 Akonebergs
1121 2676 1232 2762 eliqua
1263 2676 1373 2763 portio

320 2779 425 2867 ipsius
457 2780 604 2867 grangiis
643 2781 684 2845 de
718 2777 864 2867 Belcgs⁷
896 2780 1007 2845 iorscn
1039 2778 1186 2845 existet.⁸
1246 2777 1312 2844 Sed
1344 2778 1372 2844 si

320 2881 420 2948 fuerit
457 2883 526 2971 ipse
564 2883 653 2948 locus
691 2882 788 2947 modo
823 2880 972 2948 dictum⁰
1003 2881 1131 2970 Berghe
1163 2881 1265 2967 juxta
1287 2881 1372 2959 Ake,

320 2982 466 3070 qualiter
488 2984 584 3049 nobis
607 3004 756 3051 concesse
779 2983 887 3050 iuerat
909 2983 964 3048 vel
985 2987 1103 3061 emota,
1128 2983 1259 3070 penitus
1280 2983 1373 3070 igno·

153 3090 422 3154 Ieuoftheretur.
469 3085 533 3151 Sed
571 3090 606 3151 et
641 3085 723 3172 ipsae
761 3085 914 3152 undecim
952 3085 1098 3172 piscsriae
1132 3086 1169 3150 iu
1203 3084 1307 3150 Hullo
1337 3089 1373 3151 et

152 3169 304 3295 {Ifflffl
322 3208 487 3253 mensurae
510 3187 551 3252 de
574 3186 779 3267 Hullebenk,
804 3209 879 3253 cum
910 3187 1050 3274 prsefsto
1081 3187 1149 3252 situ
1183 3186 1371 3266 molendini,

152 3301 274 3353 honeeoi
322 3311 344 3354 s
365 3294 479 3354 nostru
500 3289 704 3376 possessione
735 3289 868 3377 penitus
901 3296 980 3355 sunt
1011 3290 1131 3355 avulso.
1179 3289 1243 3354 Sed
1277 3294 1320 3367 et,
1344 3289 1372 3353 si

153 3368 293 3421 Hullhank.
323 3394 402 3456 tunc
424 3391 568 3477 aliquam
594 3392 831 3479 possessionem
854 3391 907 3457 vel
941 3389 1128 3457 mansurum
1157 3391 1259 3476 juxto
1293 3391 1372 3456 Gro·

322 3491 457 3558 valliam
481 3479 693 3568 hebebamus,
715 3493 862 3559 nescitur
885 3494 918 3557 in
942 3491 1134 3580 praesenti.1⁰
1212 3531 1215 3537 ·

356 3768 363 3798 ¹
381 3765 453 3817 hellis
463 3767 519 3832 seu]
539 3766 654 3831 wanting
665 3766 692 3816 in
705 3766 735 3818 P.
846 3783 849 3841 Ι
904 3769 922 3797 ¹⁰
940 3770 1046 3817 uescitur
1058 3769 1083 3815 in
1101 3768 1231 3834 presenti]
1254 3768 1311 3820 The
1333 3785 1372 3820 re-

354 3847 364 3877 ²
380 3845 544 3912 considerato]
558 3846 675 3897 videlicet
685 3847 825 3906 observato,
869 3846 983 3896 meinder
1003 3847 1033 3896 oi
1048 3846 1090 3896 the
1106 3845 1213 3910 chapter,
1224 3846 1287 3896 citer
1301 3847 1372 3899 these

345 3962 352 3977 .
847 3915 849 3985 i
870 3929 960 3988 words,
971 3927 1034 3976 with
1046 3927 1089 3978 the
1102 3927 1232 3992 following
1242 3929 1292 3978 end
1311 3943 1371 3978 con-

354 4007 364 4035 ¹
380 4003 494 4066 stabilito,
506 4005 545 4070 ut]
565 4003 680 4069 wanting
690 4003 717 4054 in
728 4004 758 4054 P.
847 3994 849 4075 j
870 4006 975 4070 eluding
985 4005 1103 4076 chapter,
1121 4005 1143 4056 is
1163 4021 1196 4056 sn
1214 4005 1372 4072 sbridgment

354 4085 363 4114 ⁴
380 4084 457 4134 After
468 4086 521 4149 ipso
532 4083 611 4134 insert
623 4091 716 4142 nostro,
728 4083 758 4136 P.
847 4094 848 4136 t
869 4085 901 4135 oi
908 4100 923 4134 s
933 4084 1009 4134 much
1021 4084 1096 4135 tbller
1106 4084 1373 4149 nmmtivcpreeerved

354 4161 449 4212 'uotis
468 4159 562 4224 otiam,
579 4161 659 4227 modo]
680 4161 825 4212 interlinca-
846 4144 849 4231 ζ
870 4164 898 4213 in
921 4163 965 4213 the
988 4162 1099 4214 sutbor's
1119 4161 1175 4212 nist
1197 4178 1263 4228 copy
1285 4163 1316 4213 of
1332 4163 1373 4213 his

320 4241 458 4292 tioninP.
578 4288 582 4294 ,
846 4243 849 4312 i
869 4242 939 4291 work
968 4240 996 4290 in
1018 4241 1061 4290 the
1086 4241 1213 4306 Phillippe
1234 4240 1300 4302 MS..
1323 4243 1373 4292 end

354 4323 364 4351 ⁸
383 4321 490 4386 θυμω]
511 4320 604 4381 Swinn,
616 4319 647 4370 P.
872 4319 953 4370 which
976 4318 1023 4370 hee
1041 4318 1166 4371 thereime
1185 4320 1249 4371 been
1265 4321 1373 4385 adopted

352 4398 490 4466 ’Bdoqo]
510 4399 633 4466 Bcleghe,
644 4398 675 4449 P.
870 4400 896 4449 in
916 4399 960 4449 the
979 4405 1042 4449 text.
1077 4398 1133 4449 The
1153 4399 1260 4463 epitome
1283 4398 1309 4448 in
1330 4399 1373 4448 the

353 4480 363 4509 ⁸
372 4477 824 4545 sorsanexistot]exietstiortssee,P.
869 4478 982 4543 egenen
994 4477 1084 4530 Msu
1101 4477 1201 4542 printed
1219 4493 1247 4528 se
1266 4493 1299 4528 sn
1317 4477 1373 4542 Ap·

353 4559 459 4611 ’Aster
475 4558 565 4609 dem
583 4559 663 4609 insert
685 4557 825 4608 manerium
868 4558 964 4621 pendix
976 4564 1003 4607 ct
1013 4557 1056 4609 the
1067 4559 1116 4609 end
1131 4556 1162 4608 oi
1175 4555 1218 4607 the
1237 4556 1334 4623 history
1347 4555 1377 4606 οἰ

325 4640 366 4702 de,
377 4639 408 4690 P.
869 4636 911 4688 the
922 4637 1005 4688 ebbot.

321 3924 344 3975 P
