3232 5692
333 700 400 767 390
655 713 753 765 nuno
775 711 886 763 mars
907 664 1067 773 eumuna

165 895 235 946 AD·
249 888 410 954 aradam
431 895 599 953 willelmus
615 914 668 953 rex
686 896 791 954 Sestio
808 888 930 955 fecerat
940 897 1032 953 filiam
1042 911 1127 954 marn
1138 891 1246 951 comiti
1256 880 1410 948 Boloniae
1424 880 1459 933 R
1469 879 1565 949 Μ

167 976 303 1092 ίᾞὲωἵ
335 989 534 1078 desponsari.
580 989 788 1078 Quapropter
818 1014 878 1058 rex
908 990 1078 1057 Johannea
1113 986 1280 1055 accedens
1317 979 1410 1045 Ber·
1423 948 1549 1002 ”Lm

167 1058 304 1171 suffiti,
335 1094 464 1174 wicum,
487 1098 566 1160 anto
588 1094 770 1160 adventum
792 1094 986 1183 legatorum,
1009 1098 1124 1159 contra
1146 1090 1282 1158 dictum
1311 1082 1407 1149 Wil-

167 1188 290 1265 Μηίων
336 1196 471 1262 lelmum
494 1219 605 1285 regom
628 1196 750 1264 Scotiae
779 1198 950 1265 castellum
980 1195 1090 1263 adbuc
1110 1214 1295 1261 remanens
1320 1208 1409 1255 oon·

167 1254 296 1374 &iliis
337 1301 474 1378 struxit,
496 1301 681 1368 exercitum
713 1301 938 1391 congregavit,
962 1299 1105 1388 patriam
1138 1293 1337 1366 combussit
1367 1295 1408 1357 et

167 1396 185 1447 s·
198 1400 228 1447 ⁵⁷
242 1397 265 1448 ⁶·
336 1402 542 1469 Willelmurn
563 1426 674 1492 regem
697 1403 819 1472 Scotiae
856 1411 895 1471 ut
916 1403 1029 1492 potuit
1051 1401 1242 1479 debellavit,
1264 1418 1338 1487 pro
1362 1415 1406 1461 eo

336 1507 423 1591 quod
455 1515 576 1595 prator
609 1507 700 1573 illius
731 1530 899 1574 assensum
928 1506 1032 1572 tiliam
1054 1526 1148 1571 snam
1170 1501 1302 1591 nuptui
1329 1502 1404 1565 tra-

168 1610 285 1664 william
338 1609 482 1676 didisset.
528 1611 595 1677 Sed
617 1633 684 1699 pax
706 1612 843 1679 tandem
865 1612 953 1676 inter
975 1632 1030 1677 eoa
1051 1610 1160 1675 fuerat
1181 1606 1404 1682 reformat„

167 1684 291 1800 ξζῗξξῖ
337 1713 425 1798 (quod
448 1713 517 1800 ipse
539 1713 724 1780 Willelmus
758 1736 816 1780 rex
839 1713 962 1780 Scotiae
983 1711 1144 1778 concessit
1165 1709 1307 1776 domino
1339 1726 1406 1772 suo

167 1815 311 1933 ‘'Jemssff
337 1814 408 1901 regi
430 1813 577 1881 Johanni
600 1817 688 1903 quod
722 1817 792 1905 ipse
823 1816 996 1883 maritaret
1018 1815 1123 1880 filium
1156 1835 1255 1879 sunm
1287 1809 1405 1877 Alex·

168 1894 263 1999 3³5⁰
303 1898 326 1933 ¹⁸
338 1918 479 1983 andrum
513 1919 702 2006 ubicunque
728 1919 829 1986 vellet
860 1920 902 1985 nd
934 1919 1034 1985 fidem
1060 1939 1162 1998 suam,
1193 1916 1244 1982 ita
1273 1919 1402 1979 tamen

171 2028 279 2082 Osthor
339 2019 429 2106 quod
456 2041 524 2086 non
546 2021 821 2110 disparagaretur.
866 2021 1026 2109 Idemque
1051 2042 1111 2087 rex
1133 2017 1329 2084 Willelmus
1363 2019 1403 2080 et

149 2095 253 2213 [Q
338 2123 529 2192 Alexander
551 2125 641 2191 filius
663 2148 743 2192 auus
759 2125 905 2192 Henrico
927 2124 997 2190 filio
1018 2125 1106 2212 regia
1127 2122 1232 2210 ipsius
1257 2118 1400 2187 Johan·

337 2227 400 2308 nis,
433 2232 595 2315 tanquam
630 2229 717 2317 legio
750 2229 885 2296 domino
911 2227 1199 2313 suo,ju1nverunt
1230 2223 1328 2311 quod
1364 2220 1400 2288 ci

337 2333 454 2394 contra
477 2352 590 2396 ornnes
623 2332 778 2397 mortales
808 2333 908 2398 fidem
929 2335 964 2396 et
993 2330 1190 2396 fidelitatem
1219 2328 1397 2403 tenerent,

338 2437 373 2497 ct
398 2432 560 2518 juvarent
594 2456 669 2500 oum
703 2458 763 2523 pre
797 2435 926 2501 viribus
949 2434 1018 2500 suis
1040 2433 1085 2499 ad
1105 2431 1288 2498 tenendum
1311 2450 1398 2494 eum

336 2534 373 2599 ih
407 2556 599 2623 regnasua,
623 2537 716 2603 salva
745 2538 811 2604 fide
843 2560 909 2625 qua
942 2536 1101 2626 praedicto
1122 2535 1270 2602 Johsnni
1293 2539 1398 2600 tone·

336 2637 466 2708 bantur.
514 2639 598 2707 Haec
620 2645 733 2708 autem
756 2640 948 2708 factasunt
970 2663 1058 2707 anno
1080 2640 1183 2728 ipsius
1205 2637 1293 2725 regis
1319 2639 1396 2703 13⁰.

338 3011 417 3080 Cur.
441 3005 535 3079 XIV.
567 3009 616 3078 Dc
647 3007 876 3079 submissione
910 3010 998 3099 repis
1029 3008 1172 3079 rumino
1201 3032 1327 3098 popam
1363 3015 1399 3078 et

427 3135 548 3181 ostreae
570 3111 712 3181 sceldius
734 3114 784 3181 oct
807 3113 935 3181 tributo
956 3114 1055 3182 millo
1077 3136 1279 3181 puerascunt
1312 3132 1411 3181 cora*

335 3267 337 3273 .
429 3241 512 3286 cosso
535 3216 676 3285 domino
696 3240 808 3305 papea,
829 3240 895 3305 pro
917 3218 1006 3305 repis
1030 3216 1369 3305 tcarmprcssioaitus.

174 3406 242 3457 A.1›.
258 3412 327 3458 1213·
386 3399 536 3485 Cumque
570 3404 703 3465 sanctus
734 3399 933 3486 apostolicus
966 3420 1025 3487 pro
1056 3404 1145 3464 carto
1182 3399 1398 3486 cognovisset

172 3486 317 3603 monet,
342 3503 448 3589 ipsum
472 3502 660 3567 Johannem
683 3524 792 3590 regom
822 3525 881 3590 per
907 3524 1063 3567 censuras
1089 3501 1323 3568 ecclesiasticas
1346 3503 1396 3567 ad

173 3620 328 3701 nptpcking
336 3605 506 3692 justitiam
536 3606 717 3671 faciendam
753 3606 841 3672 flecti
873 3605 1070 3692 nequivisse,
1094 3604 1163 3692 ipse
1193 3605 1397 3692 apostolicus

173 3686 316 3802 qqphrpnce,
340 3732 425 3797 papa
448 3709 661 3775 Innocentius
683 3731 793 3796 regem
821 3708 968 3775 Franciao
991 3714 1026 3775 ot
1047 3708 1128 3773 alios
1151 3730 1242 3796 reges
1264 3709 1396 3775 vicinos

174 3820 259 3897 aaut?
270 3819 308 3869 in·
341 3819 381 3878 ut
412 3813 448 3878 in
480 3836 556 3879 curn
588 3813 807 3900 insurgerent,
831 3812 867 3877 in
890 3812 1016 3878 virtuto
1039 3811 1236 3877 obedientiae
1259 3817 1293 3878 ct
1316 3835 1395 3900 peo-

172 3894 300 3951 ⁸²¹⁸⁸t¹⁰m
341 3921 489 3982 catorum
523 3938 658 3983 suorum
689 3915 890 3994 remissione,
921 3914 1128 3984 hortabatur.
1174 3914 1281 3994 Unde,
1312 3940 1395 4004 rege

341 4021 545 4087 Francorum
568 4018 723 4107 Philippo
755 4041 789 4085 se
824 4024 858 4085 et
889 4025 1023 4107 gentem
1057 4041 1150 4085 suam
1184 4020 1229 4084 ad
1262 4020 1394 4085 domini

341 4146 435 4212 papae
458 4123 653 4188 mandatum
676 4123 905 4209 exequendum
928 4129 1144 4211 praeparante,
1160 4127 1195 4188 et
1213 4121 1283 4208 jam
1308 4125 1394 4190 fines

342 4226 569 4307 Normanniac,
585 4249 660 4313 quse
682 4226 788 4292 adhuc
812 4226 875 4313 ipsi
897 4227 920 4292 J
922 4225 1045 4292 ohanni
1061 4227 1131 4315 regi
1152 4234 1392 4310 remanserant,

174 4334 329 4416 thq’essla
343 4353 418 4397 curn
441 4353 500 4395 suo
523 4330 674 4395 exercitu
697 4336 889 4418 occupante,
910 4329 980 4417 ipse
1002 4352 1061 4395 rex
1084 4330 1105 4395 ,J
1109 4330 1253 4396 ohannes
1266 4332 1394 4398 timens

174 4413 315 4536 ’,ἓῇᾞὲέο
342 4435 407 4500 sibi
439 4433 534 4520 regni
567 4431 786 4520 perditionem
819 4438 853 4498 et
884 4432 1004 4497 mulam
1037 4438 1177 4498 mortem
1209 4434 1391 4516 imminere,

343 4537 494 4624 quamvis
529 4536 710 4601 exercitum
742 4535 910 4623 copiosum
943 4535 987 4599 ad
1018 4558 1052 4600 se
1075 4541 1110 4601 ct
1131 4558 1269 4623 regnum
1293 4560 1391 4604 suurn

342 4639 585 4706 defendendum
608 4645 843 4727 conquegassct,
860 4638 984 4704 malens
1006 4639 1187 4726 tranquilla
1208 4640 1392 4708 calliditate
