3232 5692
214 764 278 826 204
472 775 655 825 rerurrrus
677 773 785 824 aeuus
808 774 993 825 secernas

43 958 200 1009 A.1).1172-
211 948 425 1036 protegendas
455 948 649 1032 relinquens,
673 946 830 1013 transivit
851 948 956 1012 maria
978 953 1012 1012 ct
1035 948 1255 1014 Cantauriam

47 1027 115 1075 ΗΜ·
209 1072 312 1135 usque
335 1049 490 1136 pervenit.
538 1048 603 1128 Qui
626 1063 780 1128 antequam
793 1058 941 1112 civitatem
960 1058 1092 1122 intraret,
1106 1064 1140 1113 ut
1158 1058 1254 1130 ipsam
1268 1068 1425 1137 aarum

209 1151 285 1206 vidit
313 1160 343 1206 ct
360 1150 612 1222 metropolitanam
631 1149 785 1205 eeclesiam
811 1149 918 1220 inqua
942 1155 1054 1219 martyr
1079 1151 1251 1220 requiescit,
1265 1135 1438 1202 Mfflfflum·

208 1252 273 1289 mox
292 1234 502 1289 incredibiliter
519 1233 690 1293 humiliatus
709 1239 739 1287 ct
751 1232 873 1287 devotus
876 1273 988 1296 .....
1009 1232 1096 1288 nudis
1115 1233 1251 1306 pedibus,
1265 1218 1290 1268 Ρ·
1307 1208 1365 1256 ¹⁵⁰·

208 1324 268 1373 toto
295 1319 383 1373 ctiam
410 1317 516 1372 nudato
543 1334 663 1387 corpore
687 1323 883 1387 praeterquam
909 1317 963 1370 vili
989 1316 1115 1388 ‹puadam
1140 1319 1251 1383 tunice,

209 1451 215 1465 .
235 1449 241 1462 .
261 1447 268 1462 .
289 1448 296 1462 .
315 1408 411 1480 palam
430 1408 460 1463 in
478 1413 632 1480 conspectu
645 1407 774 1462 omnium
792 1407 941 1463 civitatem
960 1408 1098 1474 intrarit3
1120 1422 1255 1487 gemens

207 1506 242 1565 ct
264 1501 345 1566 flens
367 1502 457 1566 viarn
479 1501 638 1566 luteosam
661 1506 695 1565 et
717 1499 914 1585 asperiorem
937 1500 1099 1586 eligebut3
1126 1524 1252 1589 proces·

208 1604 395 1689 sioncmque
419 1602 651 1668 monachorum
674 1600 855 1667 seeundum
878 1602 1146 1668 consuetudinem
1178 1626 1254 1669 con·

207 1710 358 1770 tracum
381 1705 452 1770 fieri
476 1703 677 1791 prohibebat
727 1702 871 1768 Veniens
901 1704 1004 1789 igitur
1035 1705 1078 1769 ad
1109 1705 1253 1772 ecclesian

208 1805 293 1871 sores
316 1807 460 1893 procidit
475 1807 510 1870 in
525 1805 639 1872 faciem
655 1810 688 1870 et
704 1805 819 1871 oravit
865 1804 1036 1891 Ingressus
1051 1828 1129 1872 vero
1145 1808 1252 1873 locuur

206 1909 359 1994 martyrii
393 1909 482 1996 rigat
504 1907 658 1995 lacrymis
680 1913 714 1972 et
737 1906 951 1972 deosculatur.
1008 1907 1108 1974 Dicta
1140 1917 1252 1975 autem

205 2009 402 2076 consessione
425 2032 532 2077 coram
556 2009 714 2097 episcopis
736 2008 922 2074 astantibus
937 2009 980 2074 ad
995 2011 1145 2077 tumbam
1168 2035 1254 2077 mar-

205 2111 288 2197 tyris
299 2111 480 2181 accedebat
511 2111 590 2190 Ubi,
601 2118 674 2199 post
690 2112 872 2176 orationem
888 2110 1065 2193 diutinam,
1081 2116 1253 2201 episcopus

205 2213 442 2280 Londoniensis
464 2236 573 2280 eoram
596 2214 686 2279 omni
719 2213 839 2300 populo
859 2235 969 2301 regem
992 2214 1033 2280 de
1066 2239 1143 2282 nece
1167 2240 1253 2284 mar-

205 2316 288 2402 tyris
322 2317 507 2383 excusabat.
566 2316 637 2381 Rex
669 2321 791 2393 autern,
815 2317 977 2383 restitutis
1000 2318 1142 2386 eudesius
1166 2321 1254 2387 Cau-

203 2419 362 2484 tuariensi
397 2419 464 2484 suis
497 2418 629 2504 juribus
668 2418 710 2483 ab
727 2419 896 2503 ‚antique
934 2420 1075 2507 triginta
1111 2423 1249 2489 libratas

203 2519 352 2586 redditus
375 2520 415 2586 de
437 2520 566 2587 ratione
592 2520 679 2606 regis
710 2520 745 2584 in
775 2542 896 2585 munus
919 2523 1060 2608 martyri
1083 2524 1250 2592 offerebat.

204 2622 331 2689 Deinde
365 2623 436 2710 ipso
471 2621 531 2687 vili
568 2626 660 2687 veste
691 2621 835 2699 indutus,
869 2622 1029 2689 inclinato
1062 2627 1182 2712 capite,
1215 2635 1250 2694 et

202 2725 342 2812 scapulis
373 2725 478 2812 primo
511 2723 685 2810 quinquies
707 2747 727 2788 a
749 2723 960 2810 pontificibus
995 2731 1029 2790 ct
1060 2727 1248 2806 abbatibus,

203 2827 452 2914 postmoduma
487 2824 655 2890 monachis
690 2828 732 2890 80
765 2831 799 2890 et
829 2847 867 2890 co
899 2826 1040 2914 amplius
1069 2833 1121 2899 ter
1154 2831 1251 2920 virga

202 2928 401 3016 disciplinali
431 2948 611 3015 percussus
645 2949 665 2990 a
696 2926 836 3014 singulis
870 2928 1048 2995 solenniter
1079 2932 1250 3000 absolutus

201 3037 258 3096 est.
314 3029 443 3110 Quibus
475 3029 586 3117 gestis,
617 3027 707 3094 nuda
740 3029 840 3094 burno
873 3030 1027 3108 residens,
1059 3034 1157 3099 nudis
1191 3059 1250 3101 nce

201 3133 277 3198 lotis
299 3138 374 3220 post
396 3133 505 3198 lutum
539 3131 684 3217 pedibus,
711 3129 847 3218 jejunus
869 3137 909 3196 ut
931 3140 1075 3212 venerat,
1100 3141 1172 3202 tcta
1193 3138 1250 3203 illa

201 3237 364 3301 adventus
395 3234 445 3299 sui
476 3234 527 3299 die
550 3239 584 3298 ct
607 3246 701 3299 nocte
723 3240 881 3320 sequente
913 3256 1009 3300 orans
1042 3244 1076 3303 et
1110 3241 1248 3326 pervigil

201 3344 279 3404 ante
294 3348 472 3423 martyrem
495 3336 708 3423 pernoctavit.
755 3337 808 3414 Ilt,
824 3359 865 3402 ne
884 3337 957 3423 quis
973 3339 1106 3406 dubitet
1121 3343 1248 3407 meritis

35 3443 175 3522 lulianumi-
201 3441 303 3528 ipsius
337 3439 449 3505 Sancti
477 3439 610 3504 Thornar
642 3440 799 3525 martyris
821 3439 1043 3507 satisfactione
1066 3444 1153 3530 regis
1175 3467 1247 3508 sen-

33 3511 189 3643 diffisum
201 3543 342 3607 tentiam
376 3541 500 3606 divinar
531 3540 717 3605 severitatis
747 3541 877 3628 placari,
910 3542 1045 3608 evidens
1075 3543 1171 3631 hujus
1200 3547 1247 3611 rei

34 3643 176 3694 immediato
200 3644 360 3710 indicium
389 3642 580 3708 habebatur.
628 3642 716 3707 Nam
746 3645 816 3729 ipso
839 3649 985 3730 tempore
1016 3668 1075 3711 rex
1099 3647 1247 3716 Francius

33 3710 174 3826 griffi&
200 3753 234 3813 et
267 3746 327 3810 filii
361 3746 412 3810 sui
446 3745 482 3809 in
504 3744 711 3808 Normannia
742 3744 938 3812 rebellantes
971 3770 992 3812 a
1021 3753 1246 3836 persecutione

200 3853 375 3915 cessarunt.
432 3847 572 3932 Ipsoque
607 3847 660 3912 dia
682 3869 747 3933 quo
769 3870 829 3913 rex
859 3848 1073 3917 Cantuariam
1096 3855 1246 3934 intravit,

200 3950 338 4036 martyri
360 3947 726 4025 satisfacturus-eomes
749 3950 925 4029 Flandriae,
947 3953 1005 4038 qui
1040 3977 1114 4020 cum
1148 3957 1245 4023 innu-

200 4074 290 4118 mcro
313 4051 460 4117 exercitu
482 4049 594 4116 oram¹
628 4053 728 4117 maris
750 4053 922 4119 obsederat
955 4061 994 4120 ut
1028 4057 1063 4122 in
1090 4060 1246 4147 Angliarn

201 4155 393 4242 repentinus
417 4154 620 4240 irrumperet,
646 4159 774 4222 mutato
797 4162 930 4243 repente
953 4159 1088 4225 consilio
1103 4161 1138 4226 in
1161 4162 1246 4229 Nor-

201 4255 370 4324 manniam
404 4277 553 4321 reversus
584 4260 643 4322 cst.
699 4256 741 4323 In
773 4259 916 4324 erastino
946 4267 1067 4340 autern,
1090 4264 1246 4331 audiente

201 4381 277 4448 rege
303 4363 381 4424 ante
404 4364 582 4444 martyrem
605 4364 640 4424 ct
662 4359 702 4425 de
723 4366 869 4447 martyre
884 4363 992 4441 misso,
1016 4365 1129 4431 eadem
1145 4368 1246 4433 etiam

205 4570 431 4579 .-,,,--,,-,
506 4570 513 4575 .
532 4568 610 4575 -.---
627 4569 990 4582 -——-.

565 4689 573 4722 ¹
590 4689 669 4756 orum]
688 4689 774 4742 horem
786 4691 813 4742 in
825 4691 881 4746 MS.
