3232 5692
355 798 420 865 290
612 808 824 863 Annxmmna
845 806 955 861 acels
977 806 1147 871 curares.

186 987 255 1040 Ml·
270 990 332 1039 ¹1⁹⁷
355 988 500 1077 grangiae
537 1008 644 1055 seeum
680 988 829 1074 acceptis,
865 987 954 1052 ultra
984 987 1131 1053 Turones
1165 1006 1241 1051 eum
1278 982 1415 1071 reperit,

186 1059 276 1106 ’¹²¹⁰'
355 1090 421 1157 toti
435 1090 640 1179 Andagaviar
662 1095 697 1157 et
719 1089 917 1158 exercitibus
931 1089 1018 1177 regis
1041 1086 1175 1155 Ricardi
1197 1088 1235 1153 in
1256 1085 1416 1175 partibus

355 1192 421 1258 illis
449 1192 649 1279 praefectum
696 1192 843 1259 Litteras
874 1191 978 1258 etiam
1011 1195 1046 1257 et
1079 1211 1190 1280 preces
1221 1186 1415 1256 Baldewini

356 1295 485 1361 comitis
516 1292 748 1361 Albemarliee¹
783 1294 826 1359 ad
858 1294 1052 1382 praedictum
1086 1292 1269 1359 Robertum
1300 1310 1414 1357 secum

357 1397 527 1483 deferens,²
550 1401 684 1462 eentum
708 1417 833 1463 mareas
848 1418 909 1484 pro
931 1396 1020 1462 bono
1042 1394 1131 1481 pacis
1152 1392 1243 1460 dicto
1264 1392 1414 1459 Roberto

356 1498 515 1585 insuper³
537 1499 696 1586 promisit,
728 1499 758 1564 si
790 1499 908 1587 coeptis
939 1495 1209 1578 insecutionibus,
1237 1494 1413 1583 grangiam

357 1599 519 1683 roddens,⁴
540 1600 693 1689 deinceps
727 1599 860 1689 penitus
892 1599 1051 1667 desistere
1081 1598 1281 1688 dignaretur.
1328 1596 1414 1678 Quae

357 1704 470 1770 omnia
491 1702 576 1768 nihil
599 1703 801 1791 profuerunt,
826 1702 1008 1792 prasertim
1041 1722 1115 1768 cum
1146 1701 1198 1767 sni
1230 1722 1265 1767 se
1287 1698 1413 1766 intelli-

357 1828 434 1895 gere
456 1806 608 1872 fecissent
631 1806 721 1892 quod
738 1805 810 1893 jam
833 1810 938 1872 terras
952 1805 1027 1870 illas
1049 1825 1109 1893 per
1127 1804 1289 1891 judicium
1312 1801 1413 1870 curiae

357 1907 444 1997 regis
467 1907 601 1996 Angliae
631 1914 861 1997 recuperasset,
886 1913 921 1975 et
953 1907 1042 1995 quod
1072 1906 1201 1973 nullum
1223 1906 1329 1973 ineis
1355 1905 1413 1991 jus

358 2010 561 2077 haberemus
606 2009 719 2098 Igitur
740 2010 843 2077 abbas
857 2009 1049 2077 Alexander
1070 2030 1220 2075 reversus
1242 2008 1285 2075 ad
1307 2008 1416 2073 archi·

360 2114 547 2202 episcopum
569 2112 763 2199 aliquandiu
794 2134 870 2180 eum
900 2112 959 2178 illo
993 2111 1193 2195 morabatur,
1217 2111 1296 2198 quia
1318 2131 1414 2198 opor·

360 2216 457 2282 tebet
487 2215 583 2281 illum
606 2215 649 2280 ad
671 2215 824 2303 generale
854 2214 1037 2303 eapitulum
1060 2215 1095 2278 in
1118 2213 1307 2302 proximum
1337 2234 1414 2301 pre·

360 2316 469 2384 ficisci
524 2316 643 2404 Sicque
666 2316 791 2384 factum
814 2317 985 2405 estquod,
1014 2316 1083 2383 fere
1113 2338 1173 2405 per
1197 2338 1254 2383 sex
1284 2337 1413 2382 menses

361 2443 487 2486 moram
518 2421 648 2502 faciens,
672 2444 780 2508 neque
812 2443 871 2509 per
902 2420 1183 2509 archiepiscopum
1215 2441 1321 2507 neque
1354 2440 1415 2506 per

362 2524 470 2610 ipsum
485 2545 595 2611 regem
619 2530 679 2590 aut
702 2525 847 2611 aliquem
870 2523 971 2589 alium
995 2524 1035 2590 de
1058 2521 1173 2589 dicta⁶
1194 2522 1334 2612 grangia
1355 2520 1416 2589 et⁶

361 2626 459 2691 terris
482 2626 656 2713 quiequam
670 2631 802 2714 poterat
817 2626 1004 2713 impetrare.
1052 2624 1116 2692 Per
1138 2625 1415 2714 arehiepiscopum

362 2732 476 2794 tamen
509 2729 634 2818 copiam
666 2728 792 2796 habens
825 2728 1010 2796 rotulorum
1042 2729 1130 2815 apud
1157 2728 1417 2795 Westmonaste-

361 2830 458 2911 rium,
481 2853 539 2918 per
560 2830 618 2898 vii.
642 2829 712 2897 dies
747 2852 814 2898 non
847 2831 989 2897 cessavit
1011 2852 1157 2918 quaerere
1179 2831 1415 2920 transcriptum

362 2937 463 3000 eartae
485 2932 599 2999 Aaron
621 2932 662 2999 de
684 2954 749 3021 quo
775 2934 972 3021 prtedictum
1006 2938 1066 3013 est,
1088 2939 1123 3001 ct
1153 2934 1290 3001 tandem
1323 2934 1417 3000 inve·

363 3034 482 3101 niens⁷
504 3036 541 3101 in
563 3057 684 3125 magno
707 3035 827 3117 rotulo,
851 3036 931 3103 data
962 3058 1029 3102 una
1059 3034 1191 3116 marca,⁸
1214 3037 1297 3104 illud
1324 3044 1415 3104 tran·

363 3137 460 3204 scribi
483 3137 570 3219 fecit,
595 3144 630 3205 et
652 3138 740 3226 qued
764 3139 804 3205 de
827 3139 919 3205 nullo
941 3138 1056 3205 debito
1079 3138 1250 3206 Willielmi
1273 3132 1415 3207 Fossard

364 3239 404 3306 de
438 3245 556 3307 caetero
589 3242 785 3307 tenebamur
819 3242 1016 3328 respondere
1049 3241 1085 3306 in
1119 3242 1233 3309 codem
1264 3242 1416 3307 similiter

364 3342 472 3408 rotule
495 3342 594 3408 scribi
615 3343 702 3410 fecit.
740 3343 882 3409 Interim
897 3366 976 3409 vero
999 3344 1152 3410 custodes
1175 3345 1256 3411 dicti
1279 3344 1416 3410 Roberti

364 3443 453 3530 apud
476 3444 721 3531 Byrdsalliam⁰
745 3468 858 3512 omncs
888 3468 1062 3513 conversos
1084 3452 1118 3512 et
1140 3448 1321 3514 servientes
1342 3470 1417 3514 nos-

364 3551 434 3612 tros
467 3547 503 3611 in
535 3548 607 3634 ipsa
639 3548 778 3635 grangia
801 3549 841 3614 de
864 3548 1060 3615 Wharroma
1083 3556 1202 3637 prester
1236 3550 1318 3616 duos
1339 3572 1415 3616 con·

364 3669 476 3713 versos
500 3648 688 3735 ejecerunt3
710 3672 794 3737 quos
809 3650 845 3715 in
860 3673 928 3718 una
950 3653 1048 3720 domo
1070 3674 1130 3740 per
1151 3674 1255 3718 unum
1269 3674 1416 3719 mensem

365 3750 562 3839 etamplius
597 3752 764 3818 conclusos
800 3753 854 3819 dic
888 3776 926 3821 ac
951 3764 1046 3822 noete
1069 3754 1238 3821 observari
1260 3754 1415 3834 fecerunt,

365 3855 400 3917 et
422 3873 464 3918 ne
487 3853 660 3940 quisquam
675 3854 722 3920 eis
736 3854 802 3920 eibi
817 3856 872 3921 vel
886 3861 987 3943 potus
1002 3858 1160 3946 quicquid
1171 3856 1196 3896 ¹⁰
1212 3858 1416 3925 ministraret

399 4165 406 4194 ¹
430 4162 506 4215 Alter
529 4163 687 4217 Albemcrb'c
716 4168 801 4229 insert,
829 4169 872 4234 qui
947 4169 1049 4236 ἰῶτα]
1063 4170 1177 4235 wanting
1189 4171 1216 4221 in
1227 4171 1256 4222 1³.

366 4240 506 4293 lIawisiam
531 4243 684 4297 comitissam
711 4246 817 4298 duxerat
844 4248 871 4297 in
945 4248 1002 4314 ⁸et]
1016 4251 1190 4314 nequede,l'.

366 4337 479 4381 uxorem,
491 4322 522 4374 P.
949 4328 1105 4394 'inveniens]
1120 4329 1223 4389 invenit,
1236 4336 1363 4394 aposta
1375 4329 1405 4380 P.

398 4401 495 4453 'amr
517 4402 627 4466 deferens
649 4405 736 4467 insert,
761 4406 871 4458 lieberto
945 4408 1045 4457 *Aser
1056 4424 1141 4457 merca
1153 4409 1231 4459 insert
1241 4410 1347 4474 argenti,
1358 4409 1389 4459 P.

365 4480 487 4545 porrexit,
499 4486 524 4531 et
534 4481 646 4546 insuper,
657 4483 688 4534 P.
943 4487 1033 4549 ”apud
1044 4486 1225 4555 Byrdrrrlliam]
1239 4489 1417 4554 contingam

397 4557 408 4585 ⁸
419 4556 483 4605 dicto
494 4593 501 4608 .
514 4592 521 4607 .
533 4592 540 4606 .
553 4557 664 4624 insuper]
679 4558 768 4618 eidem,
782 4558 811 4611 P.
909 4561 952 4615 the
964 4567 1039 4615 order
1049 4567 1079 4616 of
1085 4567 1214 4633 following
1224 4569 1305 4619 words
1316 4567 1416 4619 altered,

397 4635 549 4703 ‘gencium
567 4634 685 4704 reddens]
707 4638 818 4705 wanting
841 4639 868 4691 in
908 4642 939 4696 P.

362 4712 394 4767 P.
944 4722 1301 4794 ¹⁰quaquu1qcleqmm,1².
