3232 5692
581 780 719 829 saeuas
740 781 848 829 aenas
870 781 1021 830 marma
1258 768 1318 828 911

221 987 226 1010 .
278 948 427 1003 Turonum
444 947 524 1001 febre
543 951 693 1017 correptus
711 963 812 1016 pacem
823 947 888 1015 regi
900 946 1079 1002 Francorum
1098 947 1152 1001 sub
1165 947 1218 1000 hac
1230 948 1324 1000 forma
1336 944 1404 993 A.D.
1416 948 1490 993 1189.

279 1034 410 1104 optavit;
447 1030 524 1102 quod
554 1030 658 1100 gratiae
688 1030 768 1098 regis
799 1030 987 1092 Francorum,
1019 1030 1099 1084 salvo
1129 1030 1237 1083 honore
1269 1047 1322 1082 suo

279 1128 421 1199 regnique
440 1127 486 1181 sui
498 1142 612 1189 corona,
626 1124 750 1179 libenter
772 1134 806 1176 se
830 1124 1024 1179 submitteret.
1050 1125 1109 1179 Sed
1122 1125 1239 1187 frustra,
1254 1125 1323 1194 quia

278 1237 379 1289 pacem
397 1218 483 1273 aliter
501 1235 557 1271 non
575 1217 718 1270 obtineret
736 1216 793 1270 nisi
820 1216 924 1287 gratias
942 1218 1023 1287 regis
1042 1217 1222 1271 Francorum
1240 1217 1323 1271 absc·

278 1303 339 1356 lute
358 1319 390 1357 se
408 1302 601 1356 submitteret.
637 1299 676 1353 Et
698 1300 804 1353 merito
831 1298 885 1354 hoc
912 1300 969 1353 sibi
996 1301 1138 1371 provenit,
1160 1300 1323 1371 quiaillud

279 1386 400 1439 verbum
420 1389 438 1411 “
450 1384 530 1439 salvo
548 1383 655 1437 honore
666 1382 683 1405 ''
704 1382 759 1437 Dei
778 1391 808 1437 et
825 1382 936 1437 ordinis
954 1385 1000 1437 sui
1019 1383 1165 1454 dignitate
1184 1392 1213 1439 et
1231 1384 1322 1438 eccle·

279 1477 330 1530 sia
347 1476 483 1530 libertate
503 1474 607 1529 Sancto
625 1474 743 1528 Thema
764 1517 770 1528 .
792 1516 799 1529 .
824 1466 1053 1532 Cantuaiiensi
1084 1467 1322 1553 archiepiscopo

113 1573 335 1639 unigenam
353 1575 504 1629 concessit.
563 1566 613 1630 De
636 1566 768 1631 Turono
803 1575 914 1632 autem
938 1568 1114 1646 discedens,
1138 1570 1209 1656 ipsa
1231 1570 1322 1633 infir·
1336 1581 1471 1634 Ηὶιᾱωιι

112 1641 245 1693 ⁰⁰¹·²⁴⁰⁰·
279 1669 398 1731 mitate
421 1688 525 1750 usque
560 1667 603 1730 ad
635 1676 773 1732 mortem
798 1669 960 1749 detentus,
984 1693 1058 1735 ⁰¹¹¹ss
1091 1648 1455 1766 apucchin0·{{,²,¹1¹,⁸,s
1539 1717 1542 1726 ’

278 1789 380 1833 nense
418 1778 561 1831 castrum
595 1769 665 1855 ipse
698 1791 759 1834 rex
793 1770 958 1836 Henricus
992 1773 1188 1853 decessisset,
1224 1799 1323 1837 omnes
1337 1782 1445 1832 Chiron.

280 1871 502 1924 circumstantes
526 1870 568 1922 ita
593 1872 745 1942 rapacitati
764 1871 948 1928 indulserunt
974 1883 1008 1929 ut
1034 1892 1139 1944 corpus
1165 1875 1245 1945 regis
1272 1873 1324 1928 diu
1336 1872 1464 1937 Hisbody

276 1965 389 2034 jaceret
417 1962 539 2024 nudum,
567 1962 657 2017 donec
688 1982 760 2035 puer
787 1965 907 2036 quidam
936 1967 1089 2021 inferiores
1120 1967 1249 2038 corporis
1273 1939 1470 2070 suissfflff

280 2061 376 2127 partes
394 2053 482 2125 pallio
501 2053 583 2106 brevi
611 2061 786 2126 contegeret.
830 2057 869 2111 Et
896 2064 965 2112 tunc
991 2057 1146 2112 videbatur
1163 2076 1325 2129 cognomen
1337 2073 1461 2123 andana,

280 2141 343 2210 ejus
362 2137 554 2209 adimpletum
567 2137 645 2206 quod
662 2140 698 2193 ab
717 2140 839 2194 insontia
851 2141 1016 2205 vocabatur,
1032 2145 1050 2167 ‘¹
1060 2141 1208 2197 Henricus
1221 2142 1324 2197 Court

282 2228 300 2250 ‘⁴
320 2220 508 2277 mantellus.”
545 2220 623 2275 Nam
641 2224 703 2293 ipse
730 2225 843 2294 primus
862 2226 992 2279 omnium
1016 2232 1099 2280 curta
1125 2226 1265 2280 mantella
1287 2227 1324 2280 ab

113 2327 265 2394 J,13r0mpt‚
279 2316 451 2386 Andegavia
480 2315 641 2368 transvexit
657 2315 688 2368 in
706 2316 854 2386 Angliam.
903 2317 960 2370 Per
987 2323 1051 2372 octo
1070 2309 1157 2372 enim
1176 2319 1239 2372 dics
1258 2325 1324 2373 ante
1336 2333 1476 2382 Phenome.

112 2395 160 2444 ⁰⁰¹·
175 2401 246 2446 ¹¹⁵¹·
280 2417 391 2470 obitum
420 2405 518 2490 hujus
548 2415 638 2483 regis,
666 2416 761 2486 pisces
789 2414 824 2469 de
850 2415 974 2486 quodam
1005 2423 1107 2487 stagno
1136 2398 1489 2514 Normonnioeg⁰¹¹⁰¹ffi⁸¹¹

281 2508 430 2561 exilientes
448 2514 593 2562 nocturno
610 2513 740 2576 tempore
760 2524 826 2561 cum
845 2514 925 2561 tanto
944 2508 1068 2578 strepitu
1088 2514 1156 2563 sunt
1173 2510 1325 2579 congressi
1337 2473 1467 2595 &emp

280 2607 313 2653 ut
330 2599 460 2654 homines
476 2592 588 2667 vicini,
608 2598 645 2653 ad
664 2599 863 2668 spectaculum
875 2599 1035 2664 venientes,
1048 2601 1098 2654 vix
1110 2619 1200 2655 urium
1213 2601 1325 2670 piscem
1337 2597 1492 2662 Nonnundy·

114 2701 178 2752 Ibid.
281 2693 468 2762 superstitem
487 2688 692 2766 reperierunt.¹
728 2689 875 2743 Ferebant
893 2708 1007 2760 quoqne
1035 2691 1070 2745 de
1098 2710 1132 2746 eo
1151 2692 1202 2762 qui
1228 2681 1324 2746 funeri
1337 2700 1393 2748 The
1403 2700 1487 2764 king’s

280 2777 412 2831 astabant
431 2778 508 2848 quod
534 2775 675 2848 quamdiu
693 2774 837 2828 Ricardus
864 2775 943 2828 filius
969 2792 1039 2828 suus
1066 2782 1187 2845 paterno
1213 2776 1327 2830 astabat
1338 2767 1405 2830 b⁰dl
1409 2767 1494 2816 blm

280 2868 416 2923 caelaveri
445 2876 569 2942 utraque
599 2868 691 2940 patris
719 2867 797 2920 naris
824 2866 996 2935 sanguinem
1026 2867 1189 2923 distillavit.
1252 2833 1462 2962 lpsefflffoeh

280 2973 390 3024 autem
412 2983 472 3025 rex
494 2961 666 3038 Hannone,
688 2980 762 3021 cum
784 2963 952 3043 regnasset
974 2959 1070 3021 annis
1092 2963 1145 3037 34,
1161 2961 1327 3025 mensibus
1339 2965 1370 3013 οἲ
1376 2964 1463 3028 panea

283 3066 360 3126 (set
393 3062 508 3127 diebus
533 3067 583 3138 18,
607 3063 643 3124 in
666 3060 779 3144 vigilia
813 3058 1034 3143 apostolerum
1058 3060 1148 3124 Petri
1172 3067 1206 3125 et
1230 3062 1327 3126 Pauli
1338 3031 1459 3172 ffigd

282 3183 369 3226 anno
392 3164 527 3228 Domini
552 3166 636 3227 1189
662 3161 783 3236 obiens
806 3161 951 3244 sepultus
974 3168 1024 3224 est
1058 3161 1095 3224 in
1127 3162 1223 3227 choro
1258 3176 1463 3227 mo-buriedat

114 3285 260 3350 altronpt
282 3265 421 3327 nialium
446 3265 562 3329 Fontis
585 3262 732 3327 Evraudi
754 3262 792 3324 in
815 3260 1029 3325 Normannia.
1086 3263 1132 3327 Et
1155 3265 1233 3348 quia
1256 3240 1446 3356 ipseffiffv'

113 3352 161 3402 ⁰⁰¹·
177 3357 247 3402 ¹⁰4⁴·
281 3366 356 3418 inter
376 3366 618 3421 confabulandum
637 3365 734 3418 dicere
748 3363 867 3425 solebat,
881 3368 974 3417 totum
986 3364 1127 3417 mundum
1145 3366 1195 3419 uni
1214 3367 1326 3437 potenti
1338 3384 1387 3433 ffi
1397 3384 1450 3448 091.

280 3458 344 3510 viro
363 3458 435 3511 satis
455 3476 559 3528 parum
588 3473 662 3521 csse,
688 3445 875 3531 hujusmodi
910 3447 1112 3531 epitaphium
1145 3453 1196 3511 est
1230 3450 1403 3514 sorti-¹⁸Ph·

282 3554 344 3628 tus,
369 3549 532 3625 videlicet,

114 3720 144 3768 R,
157 3720 188 3768 de
391 3700 534 3755 “Sufficit
551 3700 599 3754 hic
616 3699 747 3754 tumulus
766 3698 814 3752 eni
832 3715 889 3751 non
907 3698 1061 3754 suffecerat
1078 3700 1166 3754 orbis.

113 3785 221 3870 Diceto,
389 3787 407 3809 “
428 3784 486 3837 Res
504 3784 605 3837 brevis
621 3791 666 3837 est
683 3782 780 3871 ampla
798 3782 846 3835 cui
864 3781 920 3835 suit
937 3782 1033 3851 ampla
1050 3783 1177 3838 brevis.”

114 3853 266 3999 ἷζιῇῗέἓρῃ,
280 3919 353 3972 Erat
372 3936 497 3988 namque
517 3919 564 3973 hic
583 3917 730 3971 Henricus
748 3916 795 3970 vir
814 3913 975 3979 subrufus,2
986 3917 1083 3988 amplo
1101 3918 1196 3988 eapite
1214 3924 1244 3973 et
1261 3935 1327 3990 pec·
1339 3937 1456 4004 nam-19.

114 4001 161 4049 eol.
175 4007 247 4052 2391.
282 4010 355 4067 tore,
377 4044 383 4057 .
413 4019 508 4056 .voce
536 4018 652 4072 quassa,
681 4017 801 4070 corpore
831 4016 960 4061 carnoso,
987 3999 1052 4054 cibo
1078 4007 1175 4054 tamen
1201 4008 1232 4055 et
1255 4005 1482 4072 pctutionofbia

282 4105 389 4159 parcus
392 4126 541 4151 ......
562 4091 675 4139 statura
699 4083 863 4148 mediocris,
891 4083 1029 4152 eloquens
1055 4090 1085 4138 et
1111 4083 1268 4150 litteratus,
1296 4086 1438 4140 inlemss·

283 4177 396 4225 murata
412 4170 519 4224 militia
538 4177 683 4232 strenuus,
703 4168 734 4221 in
751 4173 851 4238 togata
868 4166 1017 4237 providus,
1037 4167 1171 4222 inbellis
1190 4169 1328 4240 ambigua

284 4256 345 4309 lata
362 4253 520 4307 formidans
524 4292 643 4316 .....
663 4252 836 4322 urgentibus
855 4250 1044 4305 incommodis
1062 4268 1147 4306 nemo
1162 4252 1325 4324 benignior,

285 4344 436 4408 resumpta
458 4337 613 4391 securitate
638 4354 722 4390 nemo
748 4335 873 4405 rigidior
876 4373 1020 4398 ......
1038 4334 1121 4388 verbi
1151 4342 1327 4406 spontaneus

285 4427 495 4491 transgressor,
516 4460 523 4475 .
544 4461 550 4474 .
573 4461 579 4474 .
598 4419 634 4474 ad
652 4426 756 4474 cuncta
773 4435 936 4489 responsor,
959 4458 965 4471 .
986 4459 992 4471 .
1014 4456 1021 4472 .
1043 4417 1167 4487 justitiae
1184 4418 1327 4484 venditor,

317 4665 324 4693 ¹
342 4661 505 4727 reperierunt]
524 4661 727 4720 invenirentur
807 4659 811 4727 Ι
867 4661 877 4690 ²
893 4658 1023 4725 subrasus]
1043 4659 1258 4724 erumpamus.

1170 4757 1191 4815 Q
