3232 5692
367 718 434 781 428
644 730 819 782 cremnos
840 730 951 782 mess
972 730 1151 785 smnus

366 1034 464 1101 VIII.
486 1034 536 1102 De
547 1033 689 1103 decimis
703 1035 742 1101 do
757 1033 1058 1117 Blcuacloemerle;
1080 1043 1110 1105 et
1124 1032 1234 1105 weris
1247 1022 1456 1117 aequiore

453 1136 500 1204 iu
519 1137 658 1224 Hopole,
684 1136 846 1224 Slprenc,
861 1136 1000 1204 Holorro
1021 1136 1071 1205 et¹
1106 1128 1394 1219 Omanorum,-
1421 1133 1454 1195 ot

454 1238 495 1306 ds
516 1239 617 1306 terrie
639 1238 679 1306 dc
703 1239 840 1308 Oloura

197 1406 340 1458 A.1r.1221
409 1400 499 1465 Dum
522 1400 592 1464 heco
614 1358 800 1486 agerentur,
815 1405 890 1464 orte
911 1402 962 1465 esi
976 1399 1127 1485 quaedem
1150 1394 1333 1465 discordis
1348 1392 1451 1458 iliter

197 1479 242 1603 (15
232 1478 288 1602 ²1⁵
364 1523 424 1568 nos
455 1506 490 1567 el
526 1502 700 1567 canonicos
731 1502 773 1567 de
805 1501 938 1567 Warlre
972 1522 1070 1589 super
1101 1502 1238 1568 decimis
1276 1495 1449 1587 grangiae

197 1637 245 1687 131
245 1636 340 1687 anche-
364 1612 487 1672 nosbrae
509 1604 550 1670 de
573 1602 843 1671 Blaunchemarle
864 1612 900 1670 ei
922 1604 1060 1672 Werlre
1106 1603 1172 1672 Sed
1194 1602 1285 1692 per⁸
1309 1600 1449 1667 amice-

197 1705 282 1754 Μ’·
363 1708 465 1773 bilem
496 1708 767 1795 compositionem
801 1707 1015 1794 conquievib3
1048 1709 1097 1774 ite
1129 1706 1294 1773 videlicet
1329 1701 1446 1791 quod,

196 1782 353 1899 efflent
363 1813 495 1897 quando
510 1812 705 1877 coluerimus
720 1818 825 1877 terres
839 1811 994 1876 nostras
984 1833 1021 1875 rn
1036 1810 1191 1897 parochie
1206 1808 1248 1875 d'o
1261 1804 1444 1883 Warvre,³

195 1916 331 2033 w11⁸⁰s
362 1913 484 1980 lioeel⁴
518 1915 615 1980 nobis
639 1915 718 1979 dere
740 1914 947 1991 messoribus,
971 1913 1030 1999 qui
1061 1935 1121 2000 pro
1155 1914 1252 1978 bledo
1293 1914 1442 1998 segetes

195 1932 339 2126 mssaemg
361 2024 491 2084 nostras
513 2019 662 2095 melent,⁵
685 2017 804 2105 gerbas
826 2037 903 2081 sues
934 2036 994 2104 pro
1016 2016 1136 2102 quibus
1157 2022 1307 2093 metunt,
1330 2020 1439 2079 ente-

195 2115 278 2168 ¹¹¹¹*-
362 2142 462 2206 quam
484 2120 619 2187 ecclesia
641 2120 682 2185 de
704 2118 838 2184 Warlre
860 2138 955 2183 snam
978 2117 1139 2184 decimam
1160 2119 1353 2200 sorliatur3
1380 2117 1438 2182 isa

361 2223 451 2308 quod
472 2222 546 2290 de
536 2223 617 2311 ipsis
638 2221 750 2309 gerbis
771 2242 951 2286 messorum
973 2242 1033 2307 per
1046 2221 1217 2287 canonicos
1239 2168 1435 2311 praediclos

361 2326 448 2391 nihil
481 2326 636 2413 exigetur
654 2321 684 2404 ;6
715 2329 750 2388 el
781 2323 822 2388 de
857 2322 1012 2421 residuis·
1034 2322 1146 2411 gerbis
1182 2344 1243 2389 nos
1281 2323 1433 2411 plenem

363 2427 524 2493 decimam
555 2425 803 2514 persolvamus,⁷
829 2425 930 2509 salvis
964 2426 1069 2491 trevis
1100 2425 1216 2491 saneti
1247 2424 1433 2492 Jobennis

361 2529 606 2596 Beverlecensis
629 2529 670 2594 de
694 2528 774 2615 ipsis
796 2527 931 2593 decimis
953 2549 1011 2615 per
1032 2550 1150 2593 manus
1171 2534 1303 2595 nostres
1328 2550 1430 2595 more

360 2633 457 2700 solilo
480 2630 711 2719 persolvendis
745 2629 800 2708 Et,
823 2629 852 2694 si
874 2651 934 2695 nos
956 2631 1091 2696 bladum
1116 2636 1266 2697 nostrum
1289 2631 1429 2699 ibidem

359 2757 417 2823 per
439 2734 591 2801 denarios
614 2737 675 2799 eut
697 2731 795 2798 aliter
817 2731 888 2798 sine
918 2733 1133 2819 praestatione
1163 2733 1254 2799 bladi
1288 2741 1429 2800 metere

360 2838 547 2918 laceremus,
597 2836 757 2902 decimam
803 2839 926 2900 rectem
958 2857 1001 2901 ex
1033 2835 1164 2924 integro
1202 2837 1427 2904 solveremus

359 2941 469 3007 Plenis
491 2938 626 3007 decimis
649 2940 690 3005 de
713 2937 792 3025 ipsis
814 2936 914 3003 lerris
936 2958 996 3024 per
1018 2938 1179 3005 firmarios
1210 2945 1346 3007 nostros
1373 2962 1423 3006 ex

359 3047 489 3133 integro
511 3040 747 3131 persolvendis,
770 3040 798 3105 si
821 3062 876 3105 eas
898 3040 942 3106 ed
964 3040 1125 3107 firmarios
1157 3042 1311 3108 colendas
1346 3048 1425 3109 tra-
1492 3044 1498 3053 '

358 3149 541 3215 diderimus
563 3147 600 3211 in
623 3148 754 3210 evenlu.
800 3143 901 3209 Unde
923 3143 987 3230 ipsi
1010 3144 1159 3210 canonici
1180 3168 1281 3211 unam
1303 3147 1424 3212 cullu-

238 3260 247 3277 '
357 3274 428 3317 ram
455 3251 557 3337 juxte
579 3247 718 3313 candem
742 3245 923 3332 grangiam,
948 3251 1016 3311 tres
1050 3268 1142 3313 acras
1174 3249 1420 3332 continentem,

358 3355 453 3419 nobis
475 3352 614 3416 liberem
638 3347 855 3414 tradiderunt.
902 3347 1026 3435 Sopibis
1048 3349 1110 3413 sub
1126 3349 1186 3415 boc
1200 3350 1305 3416 forma
1320 3355 1420 3438 pacis

355 3456 509 3521 omnibus
543 3450 706 3539 querelis⁸
740 3456 821 3515 tuno
854 3450 974 3531 motis3
1005 3457 1041 3516 el
1074 3452 1226 3518 omnibus
1256 3454 1332 3519 aliis
1369 3458 1416 3522 de

355 3564 472 3625 cerbero
495 3555 674 3631 movendis,
696 3575 754 3641 per
776 3551 929 3618 abbelem
952 3552 993 3618 de
1008 3552 1200 3621 Bollalende
1215 3560 1249 3621 el
1263 3558 1413 3643 priorem

356 3662 395 3726 de
420 3646 607 3746 Kyrkham,
630 3657 688 3743 qui
721 3677 781 3742 pro
814 3659 963 3742 tempore
996 3656 1129 3734 suerint,
1159 3657 1309 3739 erbibros
1334 3661 1411 3727 sinc

292 3810 298 3821 ·
354 3761 577 3852 appellatione
600 3765 634 3825 eb
656 3758 815 3824 dilatione
837 3757 1011 3843 sopiendis.
1057 3758 1131 3838 Quo
1154 3766 1308 3846 tompore,
1325 3762 1411 3828 Gal·
1515 3780 1524 3795 ·

353 3867 459 3934 fridus
493 3865 534 3930 de
557 3861 762 3929 Mandavilla
785 3860 878 3926 dedit
911 3860 1007 3925 nobis
1040 3883 1142 3926 unam
1172 3863 1335 3928 culturam
1372 3874 1409 3932 et

354 3993 458 4037 unum
480 3967 612 4046 bollum,
636 3987 710 4030 cum
742 3968 880 4050 pastura
911 3962 1093 4029 sufficiente
1125 3986 1184 4031 ccc.
1218 3967 1344 4044 ovibue,
1369 3969 1407 4033 in

355 4075 496 4160 Hogatc.
543 4071 589 4135 Ee
621 4066 808 4133 Willelmus
839 4065 927 4129 filius
950 4064 1071 4152 Rogeri
1102 4067 1143 4132 de
1178 4067 1309 4155 Hogete
1343 4071 1406 4138 xii.

386 4339 393 4368 ¹
411 4337 448 4402 er]
469 4334 581 4397 wanting
592 4333 619 4381 in
631 4332 660 4380 I'.
930 4331 940 4359 ⁸
957 4329 1055 4394 melent]
1073 4337 1204 4392 meterent,
1216 4332 1245 4381 P.

385 4415 466 4467 ’Sed
471 4413 531 4481 per]
551 4411 662 4477 wanting
673 4410 700 4460 in
712 4409 742 4461 P.
930 4408 1082 4474 ἀέρων]
1103 4411 1255 4477 exigeretur,
1267 4412 1297 4462 P.

384 4499 394 4527 ³
407 4494 528 4562 parochio
539 4491 568 4542 dc
583 4490 694 4556 Warlre]
713 4489 768 4555 ipsa
778 4503 849 4555 pero
932 4491 941 4516 '
952 4486 1132 4554 perrolocmes]
1151 4490 1358 4553 persolveremus.
1367 4493 1399 4544 P.

352 4577 417 4637 chia,
428 4576 458 4624 P.
927 4569 938 4597 ⁸
953 4567 1062 4618 omnibus
1083 4567 1200 4635 querelis]
1230 4573 1347 4635 repeated
1368 4573 1398 4623 in

384 4656 393 4685 ⁴
410 4653 495 4719 liceat]
514 4651 607 4711 liceret,
621 4649 650 4699 Ρ.
894 4646 951 4698 MS.
