3232 5692
309 743 374 805 246
606 754 747 803 'mom
766 753 878 802 anm
897 755 1052 804 ‘mmm

145 935 296 988 ararim.
309 928 475 993 reseretur.
522 928 601 993 Post
628 927 873 993 coronationem
898 932 1010 992 autem
1031 950 1136 1005 anam,
1157 950 1218 993 nex
1240 927 1358 1051 Βιαι-
1370 929 1541 1047 ffitgff·

145 1013 285 1144 ss‘fflm'
310 1030 373 1131 dus
395 1039 521 1130 Johanni
540 1039 624 1169 irptri
650 1050 842 1170 snm-pram
865 1037 897 1092 id
923 1037 1001 1148 ‹pnod
1026 1056 1068 1129 ²¹.
1079 1037 1156 1129 dono
1180 1046 1357 1174 {mg-m

144 1147 299 1273 lilith*
310 1120 458 1263 itit:
479 1132 742 1272 iiaifflmii
756 1130 943 1261 ὣ,
961 1135 1192 1255 amman
1208 1136 1358 1257 {amisii

143 1279 229 1342 ΠΜ
310 1287 427 1341 comitia
446 1284 623 1347 Glorerniae,
642 1285 673 1338 in
691 1284 781 1339 tertio
798 1282 893 1354 gradu
910 1284 1156 1355 consanguinem
1171 1303 1267 1350 anam,
1286 1304 1357 1340 curn

144 1346 223 1396 Μ’·
311 1371 480 1441 negante
492 1369 605 1440 paterni
619 1368 708 1438 jura,
724 1367 820 1422 ersom
838 1367 995 1438 oopuuve.
1025 1367 1085 1423 sea
1101 1376 1132 1423 et
1143 1368 1257 1424 nune
1269 1370 1357 1426 saer

311 1454 488 1508 tetrarchia²
499 1454 569 1507 iacit
580 1453 729 1522 ingratum
741 1462 771 1505 et
783 1449 904 1505 infidum
916 1452 1004 1505 ctiam
1015 1451 1127 1505 ambire
1144 1453 1355 1509 monarchiam.

147 1541 257 1592 nietam
311 1539 499 1624 Composito
531 1538 643 1621 itaque
666 1534 792 1622 [paeto]
821 1535 1061 1600 interdictum
1093 1534 1272 1602 Ricardum
1304 1560 1359 1603 re·

144 1609 383 1726 fflmgem
407 1639 539 1725 Angliae
569 1644 606 1703 et
635 1637 823 1722 Philippum
854 1657 963 1723 regem
994 1636 1152 1715 Franciae,
1176 1641 1357 1704 secundum

143 1743 253 1793 munde,
310 1747 425 1806 votnm
449 1740 634 1827 pristinum,
659 1739 733 1823 jam
755 1744 836 1802 tunc
857 1737 1014 1823 quidem’
1035 1760 1057 1803 a
1078 1737 1257 1805 Willielmo
1277 1765 1357 1831 rege

264 1830 272 1843 ⁶
311 1841 583 1917 lerosolimorum,
620 1841 786 1925 quondam
831 1838 937 1903 milite
974 1839 1015 1903 de
1057 1840 1240 1926 Aquitania
1283 1844 1356 1912 sive

310 1944 426 2017 Gallia
450 1946 507 2029 qui
530 1950 569 2007 ut
599 1943 792 2028 praedicitur
820 1941 968 2026 reginam
992 1940 1191 2008 lerosolimae
1213 1944 1356 2013 duxerat

309 2047 345 2111 in
383 2068 528 2120 uxorem,
566 2045 708 2110 secundo
753 2044 889 2107 invitati
934 2042 1022 2128 quod
1066 2065 1181 2109 versus
1218 2047 1354 2114 Terram

310 2148 466 2215 Sanctam
483 2149 664 2225 tenderent,
681 2146 724 2210 ad
746 2147 851 2233 ipsam
870 2146 911 2210 de
933 2144 1087 2210 manibus
1102 2145 1355 2216 Sarracenorum

308 2251 520 2326 liberandam,
536 2272 597 2315 rex
620 2248 779 2314 Ricardus
801 2253 952 2333 sumptus
974 2268 1147 2333 congerere
1168 2248 1355 2319 festinabat

143 2344 298 2459 gemm·
311 2353 405 2417 Misit
438 2374 515 2438 ergo
549 2356 683 2438 propter
705 2349 919 2414 Willielmum
954 2371 1062 2435 regem
1086 2349 1214 2427 Scotiae,
1237 2360 1278 2418 ut
1311 2357 1356 2422 ad

169 2427 234 2476 ⁰⁰07

142 2478 261 2529 fronde
309 2476 383 2520 eum
416 2454 583 2519 accederet
613 2454 657 2517 ad
688 2452 876 2537 homagium
910 2472 1006 2514 suum
1037 2450 1230 2518 faciendum
1288 2456 1354 2537 Qui

143 2543 262 2662 {2¹:5¹2ss
310 2556 446 2622 veniens
495 2554 709 2621 Cantuariam
759 2552 892 2638 regique
931 2552 1071 2616 Rimrdo
1116 2552 1249 2620 domino
1294 2581 1355 2625 suo

142 2676 169 2725 in
181 2678 273 2729 lienes
310 2658 498 2743 homagium
532 2657 662 2734 faciens,
694 2654 788 2720 dedit
822 2654 852 2718 ci
882 2653 991 2718 decem
1026 2654 1131 2719 millia
1161 2679 1353 2738 marearum,

140 2744 254 2810 homage.
307 2766 347 2825 ut
381 2760 493 2825 omnia
525 2764 715 2823 tenemento
748 2778 817 2833 sua,
851 2756 1010 2842 ligantias
1046 2757 1148 2822 etiam
1183 2759 1354 2826 hominum

306 2884 440 2928 suorum
467 2859 572 2947 quas*
595 2860 636 2924 de
667 2859 818 2923 condicto
849 2858 919 2943 regi
942 2857 1075 2944 Angliae
1108 2858 1213 2926 facere
1244 2885 1355 2951 repro·

307 2963 452 3041 miserat,
486 2964 521 3027 in
559 2983 617 3026 sua
656 2965 820 3047 potestate
857 2960 1023 3045 reciperet.
1079 2960 1239 3029 Reddidit
1276 2988 1353 3053 ergo

306 3088 366 3132 rex
401 3065 562 3130 Rimrdus
600 3064 706 3128 eidem
740 3061 920 3127 Willielmo
958 3062 1027 3149 regi
1065 3061 1184 3130 Scotiae
1221 3068 1356 3133 castella

307 3168 430 3233 suade
453 3165 597 3252 Berwyk
619 3171 653 3230 et
683 3164 724 3230 de
748 3164 993 3249 Rokesburghe,
1017 3164 1109 3229 salvo
1131 3169 1201 3253 regi
1224 3169 1354 3256 Angliae

307 3269 443 3334 servitio
482 3269 572 3353 quod
610 3266 802 3331 Malcolmus
834 3261 911 3330 *rex
944 3265 1086 3331 Scotiae'
1120 3269 1190 3354 regi
1222 3271 1354 3358 Angliae

307 3372 412 3436 facere
445 3369 561 3434 debuit
595 3374 629 3433 et
659 3368 839 3434 consuevit.
885 3367 1046 3432 Referunt
1076 3374 1189 3436 tamen
1220 3373 1353 3458 quidam

308 3473 396 3557 quod
427 3472 497 3556 ipse
528 3469 726 3534 Willielmus
758 3492 817 3533 rex
855 3469 975 3534 Scotiae
1010 3473 1050 3535 16
1090 3472 1193 3537 millia
1231 3497 1355 3541 marcas

308 3578 388 3638 tunc
425 3572 566 3636 Ricardo
604 3572 672 3657 regi
708 3571 839 3657 Angliee
877 3571 986 3650 solvit,
1025 3573 1060 3636 in
1097 3575 1353 3643 satisfactionem

308 3673 514 3760 quarundam
547 3673 842 3758 transgressionum
880 3695 961 3758 quas
993 3675 1083 3759 prius
1117 3698 1193 3763 erga
1226 3678 1353 3744 dictum

308 3775 485 3841 Ricardum
520 3779 735 3861 perpetrarat.
790 3775 948 3860 Tempore
982 3782 1093 3842 autem
1131 3777 1229 3864 hujus
1266 3783 1353 3868 regis

308 3876 443 3942 Ricardi
469 3877 509 3941 do
542 3875 720 3940 rebellione
744 3875 933 3940 Scottorum
963 3899 1030 3941 non
1062 3881 1231 3966 reperitur.
1277 3882 1352 3969 Ipse

308 3985 421 4044 tamen
454 3977 650 4042 Willielmus
688 4000 747 4042 rex
785 3977 914 4056 Scotiae,
949 3982 967 4042 5
1007 4002 1093 4045 anno
1131 3981 1229 4069 hujus
1266 3988 1353 4073 regis

310 4080 451 4155 Ricardi,
488 4079 643 4165 exigebat
680 4101 754 4144 cum
792 4102 870 4166 pace
907 4103 927 4144 a
972 4081 1061 4147 dicto
1097 4107 1173 4172 rege
1212 4086 1353 4153 Ricardo

310 4191 415 4251 terras
437 4182 518 4246 alias
541 4205 621 4267 quas
653 4183 683 4246 ei
718 4183 848 4247 dicebat
870 4182 911 4247 de
941 4185 1017 4270 jure
1051 4196 1241 4275 competere.
1288 4192 1352 4256 Sed

580 4366 661 4372 —-.
957 4369 1049 4376 σι’-.-
1058 4371 1118 4379 -—

344 4489 351 4518 ¹
368 4486 498 4554 tatami]
518 4494 651 4552 receperat,
663 4489 693 4538 R.
707 4489 739 4538 ll.
890 4495 900 4523 ⁸
916 4495 992 4544 Aster
1002 4495 1104 4559 quiden,
1121 4504 1231 4552 secundo
1247 4504 1356 4556 inserted

857 4571 884 4620 in
896 4572 961 4631 MS„
972 4575 1016 4624 but
1026 4578 1173 4629 redundant.

343 4645 354 4676 ²
370 4645 515 4712 tetrarchia]
535 4647 665 4708 ierarchia,
677 4647 732 4699 MS.
890 4652 899 4681 ⁴
915 4653 990 4717 preca]
1009 4656 1076 4717 qnod
1087 4655 1114 4704 in
1126 4657 1182 4709 MS.
