3232 5692
340 756 404 820 1:³2
522 824 528 835 ,
667 768 765 818 snsu
787 765 894 817 sams
917 766 1055 816 snmus

337 943 451 1009 tellum,
471 941 549 1014 qnod
565 947 686 998 roeatur
703 942 820 998 Novum
832 943 1003 1008 Mercatum,
1017 942 1109 1015 copiis
1126 941 1260 996 omnibus
1278 957 1384 1011 aggre-

337 1029 416 1098 gatis
434 1027 568 1092 assilivit,
594 1032 624 1081 et
646 1027 847 1098 potentissime
865 1045 946 1098 paene
971 1024 1196 1098 inexpugnabile
1219 1024 1297 1096 cepit
1316 1064 1323 1078 .
1344 1062 1352 1077 .
1374 1063 1381 1077 .

337 1116 368 1168 et
391 1111 550 1167 Eustochio
576 1110 637 1165 illio
661 1110 741 1181 regis
773 1109 933 1182 Stephani,¹
962 1111 1013 1181 qui
1038 1110 1102 1181 ejus
1128 1125 1258 1164 sororem
1288 1106 1381 1170 duxit,

170 1197 281 1278 Stephon
336 1203 525 1261 retrodebst.i
558 1201 644 1257 Anno
663 1201 819 1274 sequente³
836 1220 888 1258 rex
907 1203 1069 1276 Stephanus
1087 1194 1260 1278 praefetum
1278 1203 1384 1258 Eusta-

169 1267 307 1383 ξζξῖἅ
336 1295 435 1353 obium
453 1294 546 1349 fllium
559 1311 645 1348 suum
663 1294 743 1365 regis
755 1293 919 1350 diademate
932 1295 1027 1351 voluit
1037 1295 1190 1366 insignire.
1227 1294 1382 1350 Postulans

168 1413 216 1450 son
227 1399 292 1448 Ens-
337 1397 408 1451 ergo
434 1379 470 1434 ab
497 1377 714 1449 archiepiscopo
730 1377 944 1435 ¹0antnariensi
968 1379 1134 1435 Theobsldo
1152 1385 1183 1435 et
1199 1378 1305 1435 oeteris
1323 1379 1383 1451 epi-

168 1471 233 1518 rsee.
337 1464 441 1535 soopis,
473 1478 546 1534 quos
575 1460 613 1515 sd
636 1461 712 1516 hoo⁴
737 1469 976 1535 congregaverat,
1002 1469 1037 1519 ut
1065 1464 1163 1535 ipsum
1191 1461 1383 1519 Eustachium

167 1541 241 1596 5¹³·
335 1549 372 1614 in
393 1573 495 1629 regem
512 1558 656 1624 ungerent
676 1560 706 1609 et
722 1555 922 1613 benedictione
941 1575 994 1613 sus
1004 1557 1215 1622 confirmarent,
1234 1555 1383 1628 repulsam

169 1621 308 1739 ἶξὲρῗὶὴ
335 1645 516 1706 sustinebat.⁸
560 1645 641 1715 Papa
658 1645 804 1717 siquidem
821 1647 929 1705 litteris
955 1649 1017 1704 suis
1044 1648 1261 1721 archiepiscopo
1286 1647 1383 1719 prohi·
1435 1702 1439 1711 ,

170 1704 265 1804 chami),
309 1703 438 1790 ebuerat
454 1748 491 1786 ne
517 1728 611 1784 fllium
634 1729 716 1800 regis
742 1731 773 1785 in
799 1749 902 1803 regem
926 1733 1126 1798 sublimarent,
1150 1731 1289 1788 videlieet
1314 1733 1384 1803 quia

170 1821 290 1872 sensero
335 1835 386 1873 rex
406 1814 570 1887 Stephanus
597 1829 721 1883 regnum
739 1822 841 1871 eontra
863 1815 1063 1885 juramentum
1088 1817 1275 1888 proeripuisse
1302 1816 1383 1871 ride·

170 1888 279 1951 P⁰¹s⁰¹¹¹¹
335 1903 430 1959 batur.
468 1894 594 1954 Intims⁰
612 1895 706 1966 igitur
728 1898 791 1954 ira⁷
817 1898 928 1956 decocti
947 1907 977 1956 et
1002 1901 1047 1954 ira
1072 1900 1164 1955 nimia
1188 1900 1383 1956 fervescentes

168 1953 291 2069 23:²¹*
336 1992 397 2042 tam
414 1988 498 2056 pater
516 1995 604 2050 quem
622 1978 700 2036 filius
727 1982 758 2036 in
781 1981 867 2037 domo
892 1983 1018 2054 quadam
1042 2000 1142 2039 omnes
1161 1983 1270 2039 iuoludi
1285 1984 1381 2054 jusse-

230 2035 255 2084 γ’
335 2074 413 2132 runt,
433 2072 463 2122 et
480 2063 668 2119 vehementer
685 2067 871 2137 angariantes
895 2072 930 2122 ut
953 2068 1101 2139 postulata
1117 2073 1292 2140 peragerent
1309 2085 1383 2139 prm-

338 2148 499 2224 oeperunt.⁸
534 2145 585 2201 Illi
604 2146 722 2215 igitur.
742 2189 749 2204 .
770 2190 777 2205 .
796 2150 925 2206 viriliter
935 2151 1118 2215 restiterunt,
1136 2151 1268 2222 pericula
1285 2155 1383 2205 temen

339 2235 468 2307 capitum
486 2245 606 2288 suornm
624 2236 796 2289 metuentes.
840 2233 1036 2290 Recesserunt
1053 2239 1150 2289 temen
1168 2251 1267 2289 omnes
1286 2233 1382 2297 illaesi,

338 2314 571 2392 possessionibus
602 2313 720 2383 quidem
750 2317 876 2389 spoliati,
905 2335 977 2388 quas
1002 2324 1104 2389 postea
1130 2335 1201 2388 rege
1226 2317 1384 2389 poenitente

337 2410 540 2466 rehabuerunt.
576 2401 649 2468 Rex
674 2422 816 2487 namque
845 2400 1031 2487 Stephanus
1060 2422 1231 2486 nunquam
1253 2401 1383 2467 elericos

335 2502 462 2589 liquido
485 2502 655 2579 dilexerat,
677 2505 858 2590 praesertim
881 2525 955 2570 oum
976 2523 1080 2568 unum
1103 2504 1288 2591 episcopum
1303 2503 1383 2569 rele-

336 2627 419 2694 gans
442 2605 523 2671 duos
546 2606 627 2672 alios
650 2606 814 2694 episcopos
835 2606 872 2671 in
894 2626 1053 2671 carcerem
1076 2605 1275 2671 retundebat.

228 2921 234 2936 ’
338 2940 418 3009 OAP.
444 2943 571 3009 xm
598 2942 755 3026 Qualiter
769 2942 841 3009 duo
855 2941 1030 3009 Heurioue
1051 2941 1145 3009 osuit
1159 2940 1202 3008 in
1213 2940 1384 3027 Aepltom

426 3044 473 3110 oet
504 3044 713 3112 obsidionem
745 3044 849 3112 rastri
880 3044 919 3111 de
947 3043 1180 3130 Walpnpsortt
1212 3065 1384 3110 removen-

426 3145 510 3212 dam
520 3171 535 3225 ,·
558 3154 589 3213 et
611 3147 651 3213 de
666 3169 746 3234 poce
768 3147 860 3214 inter
874 3168 985 3232 repom
1006 3153 1036 3212 et
1050 3147 1170 3212 docem
1187 3146 1381 3233 prestecota.

171 3349 240 3402 Μ),
255 3355 328 3414 1152,
383 3325 572 3412 Stephanus
586 3347 638 3384 rex
657 3328 757 3383 eodem
776 3345 860 3393 nuno,
880 3325 1036 3392 videlieet
1055 3347 1142 3391 unno
1157 3325 1250 3412 regni
1266 3326 1318 3390 sui
1330 3326 1383 3406 17,
1397 3325 1461 3374 ¹10⁰·
1470 3324 1551 3376 nune

174 3423 245 3468 ¹¹⁵³·
338 3433 466 3483 castrum
491 3428 527 3483 de
553 3429 728 3499 Newbyrye,
749 3428 827 3498 quod
854 3446 912 3483 non
936 3429 1039 3500 procul
1065 3427 1150 3482 abest
1175 3446 1192 3482 a
1216 3427 1382 3499 Wyntonia‚
1397 3407 1420 3457 Ρ·
1433 3397 1491 3444 395·

174 3496 284 3560 ὃῑθΡῙὶθῦ
339 3511 473 3585 obsidens
500 3552 506 3567 .
536 3553 543 3568 .
569 3553 576 3567 .
603 3511 790 3584 expugnavit.
827 3511 900 3566 Indo
930 3512 1085 3567 castollum
1116 3510 1152 3565 de
1177 3510 1384 3582 Walynglorth

173 3563 218 3612 mk
337 3593 462 3659 obsedit,
482 3602 512 3650 et
529 3596 559 3650 in
577 3597 641 3667 ipso
659 3595 755 3666 pontis
782 3595 919 3665 ingressu
944 3600 1073 3650 oestrum
1097 3594 1292 3649 obsessorium
1317 3612 1384 3649 oon·

220 3578 246 3612 es

173 3629 319 3752 {mma
339 3677 454 3741 struxit,
470 3696 526 3749 quo
540 3679 662 3734 inclusis
675 3695 808 3732 esoarum
819 3677 980 3732 illationem
993 3684 1023 3733 et
1036 3677 1163 3733 liborum
1175 3678 1385 3749 progressum⁹

171 3763 299 3878 mels?
338 3768 501 3839 diripiebat.
538 3772 619 3826 Tune
647 3760 775 3837 obsessi,
798 3770 893 3841 primo
912 3770 1087 3841 gravissimo
1111 3771 1280 3842 compressi,
1300 3789 1318 3824 a
1335 3769 1384 3824 do·

173 3894 236 3945 ford·
270 3847 287 3893 ὅ
338 3869 416 3923 mino
436 3860 579 3930 Henrieo
606 3872 680 3927 duee
705 3871 892 3926 Normunniae
919 3871 1066 3942 petierunt
1092 3872 1140 3926 vel
1177 3871 1278 3926 auxilii
1305 3871 1385 3925 exhi·

173 3972 264 4037 Heury
338 3972 479 4026 bitionem
508 3966 556 4022 vel
581 3964 734 4020 castellum
761 3962 792 4016 in
820 3980 922 4017 manus
955 3962 1035 4032 rogis
1063 3962 1203 4018 reddendi
1229 3962 1385 4017 licentiam.

173 4039 422 4170 {ffissgdy'm
445 4072 521 4138 ergo
555 4053 710 4134 sequente
723 4045 748 4082 ¹⁰
771 4046 880 4110 dictus
907 4045 1070 4110 Henrious
1100 4054 1158 4109 dux
1187 4053 1387 4116 Normsnnioe,

374 4316 382 4348 ¹
402 4312 536 4380 Stephani]
555 4309 670 4374 Angliae,
682 4308 716 4357 Η.
918 4307 928 4336 ⁸
945 4306 1050 4372 Intimu]
1070 4305 1173 4365 Intimo,
1183 4303 1240 4355 MS.

371 4397 381 4426 ¹
398 4390 548 4456 retrudebot]
568 4387 684 4444 reddidlt,
696 4388 730 4437 ΙΙ.
919 4385 928 4413 ’
945 4385 998 4450 ire]
1018 4385 1112 4444 dolore,
1125 4384 1159 4434 H.

372 4475 382 4504 ⁸
398 4470 521 4536 sequente]
535 4465 631 4519 decimo
642 4464 755 4530 septimo,
764 4464 798 4515 ΙΙ.
918 4463 929 4492 ⁸
941 4462 1122 4528 preceperunt]
1142 4460 1333 4524 compellabant,
1353 4457 1387 4508 Η.

373 4553 382 4583 ⁴
399 4550 455 4615 too]
474 4548 576 4607 ibidem,
587 4545 621 4595 Η.
919 4540 1102 4607 ’propresssnj
1117 4538 1325 4604 progressionem,
1336 4537 1370 4588 Η.

374 4623 547 4691 'rusenetotJ
565 4639 654 4690 pessus
665 4630 710 4683 est,
722 4622 755 4674 ll.
925 4621 944 4651 ¹⁰
958 4620 1081 4686 sequente]
1102 4619 1307 4680 deoimooetavo,
1320 4616 1355 4667 Η.
