3232 5692
333 737 397 811 18'8
662 744 762 809 anau
783 757 894 808 sauss
916 757 1053 808 sunaus

163 938 309 989 Successor
331 931 426 1010 tium,
462 953 522 998 nec
554 931 654 998 alicui
684 953 806 1018 magno
839 930 915 995 duci
946 930 1057 996 innixi
1090 930 1155 995 nisi
1179 927 1381 1026 Deoomni·

162 1004 306 1135 ixfflion
327 1033 467 1120 potenti,
483 1033 562 1119 quia
576 1032 748 1099 humiliter
763 1031 900 1120 profecti
915 1038 996 1098 sunt
1017 1033 1141 1119 optime
1162 1028 1378 1120 profecerunt

164 1151 178 1186 a
223 1136 318 1187 usttbe
360 1135 366 1149 ⁸
396 1134 402 1148 ⁸
728 1133 735 1149 ⁸
827 1133 834 1148 ‘
923 1132 929 1148 '
1316 1133 1323 1146 '
1352 1131 1359 1147 ⁸

162 1136 286 1334 ἐξῇ
329 1133 511 1314 titt?
524 1130 1379 1328 ,iiiiiiaemvffie'imbiiniiibssii

328 1336 525 1425 adjacentes,
548 1337 644 1424 pauci
668 1359 689 1402 a
709 1335 833 1418 multis,
857 1335 929 1402 Deo
951 1339 1155 1422 cooperante,
1170 1335 1275 1402 bellis
1293 1333 1380 1400 obti-

212 1462 215 1466 *
327 1443 481 1505 nusrunt.
523 1437 609 1504 Vere
624 1437 715 1504 Deus
737 1437 888 1524 superbis
909 1436 1046 1519 resistit,
1062 1436 1243 1504 humilibus
1265 1442 1379 1504 autem

328 1540 388 1607 dat
418 1540 571 1628 gratiam.
617 1538 793 1606 Exercitus
826 1560 969 1626 namque
1000 1540 1088 1627 regis
1111 1538 1313 1606 Francorum
1344 1543 1380 1605 et

327 1641 536 1729 imperatoris
567 1639 773 1728 splendidior
801 1646 837 1707 et
858 1641 964 1727 major
985 1638 1097 1707 fuerat
1117 1662 1218 1728 quam
1240 1640 1297 1707 ille
1319 1640 1378 1727 qui

328 1744 418 1831 prius
440 1743 689 1810 lherosolimam
711 1742 935 1829 conquirebat,
958 1747 993 1809 et
1025 1764 1048 1807 a
1072 1743 1277 1830 paucissimis
1299 1747 1379 1809 sunt
1518 1796 1523 1807 .

328 1845 472 1912 contriti.
519 1844 597 1910 Hiis
628 1851 740 1911 autem
762 1844 961 1933 pauperibus
983 1843 1161 1931 dequibus
1185 1844 1379 1932 predicitur
1485 1836 1514 1849 '⁴

329 1947 423 2013 nulla
444 1946 625 2013 multitudo
647 1950 771 2013 restare
786 1951 940 2034 poterat;
962 1945 1020 2012 scd
1042 1945 1176 2033 qnando
1197 1947 1310 2034 plures
1330 1945 1379 2012 eis

328 2048 545 2137 insurgebant
567 2046 744 2114 debiliores
770 2046 1007 2114 efficiebantur.
1053 2046 1189 2136 Ipsique
1207 2068 1376 2137 pauperes,

160 2161 317 2233 Principulp
328 2155 453 2237 quanto
474 2150 596 2239 pluries
624 2156 660 2216 et
680 2149 785 2237 magis
818 2148 1028 2228 dimicabant
1051 2153 1148 2215 tanto
1181 2149 1379 2223 valentiores

161 2230 559 2364 ffiffihreddebantur.
614 2250 696 2318 Pars
725 2256 837 2317 autem
867 2270 981 2316 eorum
1014 2249 1379 2339 maximatlngligense

161 2377 226 2414 men.
273 2358 275 2363 ’
329 2355 525 2420 extiterunt
572 2350 647 2418 Hac
680 2351 785 2440 igitur
816 2371 916 2417 cause
937 2351 998 2418 hoc
1019 2352 1202 2439 capitulum
1224 2353 1380 2440 prasenti

329 2456 411 2523 serie
433 2453 582 2542 opusculi
603 2454 764 2520 ducebam
786 2454 937 2530 inserere,
951 2474 1011 2540 pro
1033 2475 1072 2520 eo
1094 2455 1183 2541 quod
1205 2455 1380 2545 dedngli·

162 2577 282 2694 imbgi‘d
326 2553 1379 2749 egiriblifiiiiiiirirnrilniepasirbrrbm?lirbamilribcwiriliibffim§rigetii

164 2709 531 2843 boriveiibuNorwicum,
554 2760 591 2826 in
614 2764 840 2847 contemptum
863 2758 1137 2827 Christianorum.
1253 2784 1257 2793 ’

331 3127 409 3195 cn.
432 3125 578 3193 XXXII.
601 3126 651 3192 De
677 3125 789 3193 mitiis
810 3074 960 3212 pecctore
990 3125 1054 3213 qui
1083 3126 1231 3195 introvit
1248 3149 1381 3216 purpo-

384 3229 517 3297 tortum
538 3227 658 3296 Susum
678 3226 840 3307 Palmati,
863 3235 893 3296 et
915 3227 955 3295 de
978 3228 1091 3295 eodem
1107 3230 1319 3316 purpctorio.

161 3412 244 3480 unny
375 3405 551 3495 ¹Contigit
588 3407 690 3472 etiam
726 3406 825 3493 hujus
864 3408 950 3494 regis
981 3407 1143 3495 Stephani
1176 3409 1380 3496 temporibus
1392 3428 1519 3481 Eandem

161 3480 318 3614 {sscsffir
327 3510 469 3576 militem
500 3510 673 3596 quendam
696 3510 829 3576 nomine
860 3509 1045 3588 Oswenum
1067 3512 1296 3598 purgatorium
1318 3495 1547 3611 Pag‘fflffl·

161 3618 297 3732 ffiwgbp
329 3612 418 3678 tricii
451 3612 599 3677 intrasse.
657 3610 723 3693 Qui
756 3611 887 3677 rediens
921 3612 1045 3698 gaudis
1077 3618 1112 3679 et
1149 3635 1266 3700 poenss
1296 3636 1378 3701 quas
1391 3577 1529 3707 cincei*

161 3681 280 3799 020„ig
299 3689 309 3733 t
328 3715 459 3779 viderat
481 3714 658 3779 enarravit.
706 3712 800 3779 Circa
824 3713 913 3800 quod
936 3716 1165 3801 purgatorium
1187 3723 1239 3783 est
1260 3695 1504 3782 notan-ml·

328 3816 418 3895 dum,
442 3815 538 3901 quod,
561 3837 636 3882 cum
659 3813 808 3882 Sanctus·
821 3815 983 3882 Patricius
1015 3817 1053 3882 iu
1074 3816 1238 3884 Hibernia
1259 3819 1379 3906 praedi·

327 3923 425 3996 caret,
449 3917 579 3983 studuit
601 3916 754 3982 bestiales
787 3918 958 3983 hominum
990 3918 1079 3984 illius
1110 3920 1228 4006 patriae
1251 3921 1378 3987 animos

328 4025 450 4086 terrore
476 4025 718 4085 tormentorum
748 4019 959 4085 infernalium
982 4042 1002 4084 a
1035 4020 1131 4086 malis
1159 4041 1321 4103 revocare,
1344 4028 1379 4111 et

328 4122 472 4221 paradisi
494 4121 692 4210 gaudiorum
715 4119 929 4209 promissione
958 4123 1001 4188 ad
1031 4123 1156 4189 bonum
1178 4116 1377 4192 confirmare

327 4407 329 4416 ·
359 4385 516 4452 ¹Abridged
527 4386 592 4438 irom
603 4386 647 4437 the
663 4387 790 4438 narrative
800 4386 831 4437 oi
877 4394 946 4438 ment
973 4387 1003 4438 of
1033 4388 1077 4438 the
1103 4402 1173 4439 same
1199 4389 1326 4440 namtlrs
1355 4389 1377 4440 is

326 4465 414 4531 Henry
436 4466 466 4517 ci
485 4465 593 4530 Saltrey.
634 4465 709 4528 Abos
731 4465 827 4531 Migne,
877 4466 953 4530 giren
972 4467 1006 4532 by
1025 4467 1111 4531 Roget
1121 4467 1275 4528 wendover,
1292 4467 1378 4519 Horas

325 4542 470 4610 Pctrolcyioe
490 4543 585 4595 (ἕνεκα
610 4543 752 4610 complens,
775 4545 826 4595 rol.
876 4543 1110 4597 Historiarumeed
1123 4547 1157 4598 H.
1170 4547 1378 4610 0.che,lcnd.

329 4627 384 4685 180,
401 4623 448 4673 col.
468 4626 524 4675 987.
558 4624 586 4673 A
603 4622 706 4674 distinct
728 4623 827 4688 abridg·
880 4625 1013 4688 1841,rol.
1025 4625 1061 4676 iii.
1072 4641 1096 4692 p.
1109 4629 1149 4678 97.
