3256 5692
371 756 438 820 352
631 766 842 818 unumne
863 762 972 818 ABBAS
993 766 1160 829 QUARTUS.

204 949 274 1000 Λ.Ῑ).
286 954 351 1001 ms
371 957 523 1014 quousque
541 941 652 1012 singuli
669 959 724 1012 pro
742 943 804 997 suis
822 942 1008 996 monasteriis
1025 946 1057 997 ct
1072 940 1145 997 locis
1163 939 1253 996 duem
1272 956 1341 995 oum
1352 958 1423 1012 rege

203 1022 296 1068 421⁶.
371 1027 519 1082 fecissent.
555 1025 639 1080 Unde
657 1044 711 1080 nos
728 1044 783 1096 pro
801 1025 858 1080 line
875 1026 958 1080 mille
976 1043 1100 1090 marcas,
1120 1032 1155 1080 ut
1171 1025 1352 1096 predictum
1369 1032 1422 1087 est,

205 1114 326 1166 Histor-
370 1111 436 1180 regi
454 1128 489 1164 ex
506 1110 623 1179 integro
648 1109 844 1164 solvebamus.
880 1108 960 1164 Nam
986 1110 1172 1165 monasteriis
1199 1109 1314 1165 ordinis
1331 1110 1424 1163 nostri

204 1181 311 1260 filiii?
370 1213 422 1249 rex
439 1194 565 1248 maxime
584 1193 709 1247 infestus
727 1194 793 1257 fuit,
807 1201 839 1248 et
849 1199 931 1248 tanta
948 1194 1119 1264 gravamina
1134 1194 1294 1265 ingerebat
1310 1198 1344 1248 ut
1360 1211 1424 1265 per·

203 1248 353 1324 ΨΜ
370 1295 448 1332 ⁸011ae
465 1277 611 1331 nonnum
628 1276 722 1331 nostri
747 1276 858 1332 orans
882 1277 1059 1332 monasteris
1075 1295 1130 1333 sua
1146 1278 1281 1334 metirer
1297 1277 1424 1348 resque-

369 1367 449 1427 rnnt,
467 1368 499 1416 et
523 1361 713 1432 quamplures
741 1360 930 1416 societatibus
951 1360 1086 1416 adunatis
1111 1362 1207 1417 maria
1230 1363 1420 1417 transierunt.

203 1446 253 1496 llis
267 1446 429 1500 eondnHic
449 1451 548 1500 autem
572 1462 625 1499 rex
642 1444 802 1510 Johaunes,
821 1444 893 1498 dum
920 1443 1016 1499 adhuc
1039 1445 1106 1516 poci
1131 1446 1268 1501 coclesiae
1293 1446 1423 1516 aliqnan-

203 1514 341 1564 ¹³⁸fi⁰¹¹⁰f
369 1530 467 1584 tulum
492 1529 700 1599 congauderet,
731 1545 806 1582 anno
832 1528 919 1599 regni
944 1527 991 1583 sui
1017 1529 1083 1600 vj⁰.,
1109 1547 1164 1599 pro
1191 1549 1279 1586 xxxv.
1316 1531 1423 1584 marcis

203 1581 337 1698 {fflss
370 1614 553 1669 conum
569 1613 654 1668 noua
672 1619 764 1668 eoam
776 1612 942 1683 Wughnnm
953 1629 1021 1668 eum
1035 1613 1161 1669 ecclesia
1178 1614 1315 1684 ejusaem
1331 1613 1421 1677 vnis,

203 1714 292 1778 ψη,
371 1716 438 1753 cum
456 1697 590 1752 omnibus
608 1697 674 1753 aliis
692 1697 878 1769 pertinentiis
890 1697 962 1760 suis,
975 1704 1036 1751 tam
1053 1702 1147 1752 terras
1164 1698 1277 1753 ibidem
1288 1697 1327 1752 de
1338 1697 1423 1752 feodo

371 1783 487 1837 comitis
505 1781 702 1843 Albemsrliae,
722 1788 784 1835 tam
808 1787 903 1835 terras
927 1798 1000 1850 quas
1017 1782 1259 1852 recuperavimus
1278 1781 1315 1835 de
1340 1781 1424 1850 G[ul·

372 1864 462 1937 frido]
481 1866 658 1921 Eboracensi
676 1864 903 1935 archiepiscopo,
923 1870 957 1918 ut
973 1864 1138 1934 praet'ertur.
1174 1865 1230 1929 Ac,
1244 1871 1353 1936 praeter
1366 1865 1425 1919 alia

372 1951 455 2005 nobis
473 1951 556 2022 prius
574 1967 712 2004 concessa
737 1956 768 2003 et
792 1948 970 2010 confirmata,
999 1949 1139 2019 grangias
1166 1955 1284 2005 nostras
1304 1949 1340 2004 de
1361 1948 1424 2004 Sal·

372 2034 472 2105 taghe,
506 2033 754 2103 Tbnrlestborpia,
785 2031 917 2102 llytona,
947 2030 1041 2095 liora,
1079 2032 1203 2099 Oktoua,
1234 2033 1421 2097 Wharroma,

372 2117 607 2180 Blaunchmsrle,
628 2115 769 2187 Skyrena,
788 2115 946 2185 Erghoma,
966 2122 997 2170 et
1019 2115 1195 2187 Hayholmo,
1215 2117 1376 2188 piscariam
1393 2125 1425 2172 ct

371 2202 536 2256 vaccariam
554 2217 643 2272 super
668 2200 769 2264 Hnllo,
788 2217 856 2253 cum
883 2199 1035 2269 adjacente
1061 2201 1186 2255 marisco
1212 2200 1249 2256 de
1279 2200 1422 2264 Suttoua;

370 2304 471 2340 omues
484 2287 573 2340 etiam
584 2291 678 2340 terras
690 2291 720 2340 et
731 2291 896 2339 tenemento
908 2301 974 2355 qnae
986 2289 1056 2338 tunc
1067 2283 1224 2340 habuimus
1236 2286 1268 2339 in
1279 2285 1422 2348 Eburum,

370 2369 541 2433 Bes-erlem,
554 2368 686 2440 Burgho,
700 2367 833 2432 Hedona,
847 2367 990 2431 Amullio,
1008 2367 1194 2438 Aldburgho,
1212 2368 1420 2440 Dodyugtonu,

370 2453 503 2517 Besorth,
537 2452 735 2523 Drynghove,
776 2452 893 2516 Setona,
924 2451 1060 2517 Daltonz,
1096 2452 1223 2518 Wartre,
1260 2453 1422 2508 Haraldes·

369 2537 495 2608 thorpia,
517 2537 758 2607 Woggethorpia,
785 2535 976 2600 Mollescrott,
996 2535 1028 2590 in
1054 2535 1126 2591 villa
1151 2536 1251 2592 Sancti
1279 2537 1422 2609 Botulphi

370 2621 454 2675 etin
474 2619 667 2690 Knottngle,
687 2619 771 2674 nobis
795 2619 994 2674 confirmabat.
1032 2618 1103 2688 Qnae
1126 2621 1233 2685 omnia,
1253 2622 1368 2692 pariter
1392 2628 1423 2676 ct

368 2721 432 2768 nos,
451 2703 546 2758 voluit
562 2702 657 2757 libera
674 2719 739 2757 esse
757 2709 787 2756 et
804 2704 905 2774 quieta
930 2703 967 2757 de
993 2703 1168 2759 omnimodis
1194 2705 1420 2770 misericordiis,

370 2787 564 2843 forisfacturis
582 2794 613 2842 et
629 2786 770 2857 tollagiis,
789 2794 821 2841 et
843 2787 932 2842 sectis
956 2787 1148 2843 comitatuum
1165 2795 1196 2844 et
1212 2789 1420 2862 threthynges,

370 2883 401 2928 et
429 2872 681 2944 wapintagiorum,
713 2871 882 2935 assisamm,
912 2872 1097 2942 placitorum,
1129 2879 1160 2927 et
1193 2874 1313 2929 auxiliis
1342 2877 1422 2930 vico·

370 2957 510 3012 comitum
527 2964 558 3011 et
575 2955 767 3010 servientium
784 2953 895 3017 eorum,
915 2961 946 3009 et
963 2954 999 3009 de
1017 2957 1096 3010 omni
1113 2963 1230 3012 terreno
1248 2958 1371 3014 servitio
1393 2966 1423 3013 et

371 3041 519 3096 exactione
532 3039 682 3104 saeculari3
702 3046 732 3093 et
750 3038 828 3109 quod
845 3038 1003 3095 habeamus
1014 3058 1114 3095 omnes
1132 3041 1284 3096 libertates
1298 3049 1330 3097 et
1341 3042 1423 3112 quic-

372 3127 478 3180 tantias
498 3143 563 3196 qum
581 3143 599 3179 a
615 3123 737 3195 regibus
755 3123 873 3194 Angliae
893 3123 977 3177 nobis
995 3124 1043 3178 vel
1061 3124 1209 3195 aliquibus
1228 3126 1296 3180 aliis
1315 3126 1351 3181 de
1377 3144 1423 3181 or·

372 3211 440 3265 dine
457 3218 558 3264 nostro
571 3208 761 3263 cisterciensi
773 3207 1019 3274 concedebantur3
1041 3215 1071 3263 et
1087 3226 1124 3263 ne
1143 3211 1210 3281 quis
1222 3228 1293 3265 oves
1304 3217 1421 3266 nostros

373 3312 477 3365 cupere
504 3294 552 3347 vol
580 3310 687 3347 vexare
713 3297 914 3363 praesumeret,
934 3309 988 3347 nec
1011 3311 1065 3347 nos
1090 3311 1143 3363 per
1170 3294 1237 3349 illas
1262 3296 1419 3357 uamiaret‚

374 3378 513 3448 quamdin
526 3377 782 3431 aliahabuerimus
796 3376 932 3430 animalia
949 3393 1002 3447 per
1019 3395 1084 3446 quae
1096 3377 1242 3447 possimus
1257 3378 1421 3448 justitiari;

374 3470 404 3515 et
421 3480 456 3514 nc
476 3461 583 3530 aliquis
607 3478 669 3523 nos,
689 3478 737 3514 res
763 3467 814 3514 aut
838 3460 1036 3530 possessiones
1060 3467 1184 3523 nostras,
1204 3479 1339 3532 gravare,
1360 3471 1422 3516 tur-

373 3545 443 3598 bare
461 3544 509 3597 vel
530 3543 689 3606 invadiare,
710 3550 909 3612 praesumerct,
930 3543 985 3596 sub
1008 3544 1193 3598 forisfactura
1210 3545 1349 3601 undecim
1368 3546 1422 3599 lib-

204 3640 364 3704 &conquest
374 3645 474 3682 rarum
492 3627 607 3697 argenti
626 3626 805 3696 prohibebat.
837 3627 896 3680 Hic
909 3635 1007 3681 autem
1019 3645 1070 3681 rex
1083 3628 1102 3682 J
1104 3628 1229 3683 ohannes
1242 3630 1422 3685 Hibernicos

206 3709 237 3758 of
244 3708 352 3757 helan&
374 3712 430 3766 sibi
449 3711 623 3765 rebellantes
642 3709 763 3763 collecto
781 3711 911 3765 exercitu
929 3711 959 3764 iu
982 3710 1061 3765 bello
1078 3713 1234 3782 campestri
1252 3712 1370 3777 devicit,
1392 3722 1423 3768 ct

373 3795 532 3849 dominium
551 3793 702 3847 Hibernia)
721 3793 799 3847 sicut
821 3795 904 3863 prius
930 3793 1073 3849 habuerat
1091 3796 1276 3865 conquisivit,
1296 3796 1422 3852 durante

206 3892 321 3955 Appen.
373 3879 467 3934 adhuc
493 3877 658 3932 interdicto.
696 3877 795 3947 Hujus
821 3879 902 3948 regis
928 3896 1002 3932 anno
1027 3880 1054 3943 3,
1074 3896 1174 3933 mense
1201 3878 1369 3944 Deccmbri,
1390 3883 1422 3936 in

206 3959 312 4008 nuceo!
373 3963 524 4036 provincia
541 3962 728 4024 Eboracensi,
751 3969 949 4032 apparuerunt
967 3963 1094 4034 quinque
1112 3964 1189 4017 lunae
1208 3965 1239 4017 in
1257 3965 1342 4029 coelo,
1362 3985 1422 4021 uua
1522 4002 1529 4023 ι

206 4027 359 4076 fiv⁰¹¹¹⁰⁰¹¹⁸·
372 4050 403 4102 iu
422 4048 542 4110 oriente,
563 4045 621 4099 alia
638 4045 669 4098 in
687 4044 844 4109 occidente,
864 4046 952 4099 tertia
973 4046 1004 4099 in
1029 4053 1137 4111 austro,
1158 4053 1263 4118 quarta
1286 4049 1318 4102 in
1339 4053 1422 4121 aqui·

372 4132 447 4194 lone,
468 4139 498 4184 et
524 4130 625 4199 quinta
649 4130 680 4182 in
705 4127 801 4181 medio
827 4128 893 4182 coeli
921 4129 1065 4184 circuiens
1092 4131 1185 4185 sexies
1207 4131 1274 4195 illes
1293 4142 1422 4201 quatuor

372 4216 457 4269 lunas
483 4213 567 4282 quasi
591 4230 645 4283 per
669 4229 757 4265 unam
784 4211 894 4274 horam,
922 4220 953 4267 et
978 4213 1096 4268 tandem
1121 4215 1248 4269 evanuit.
1295 4216 1421 4274 Sanctus

373 4299 463 4368 Hugo
490 4296 703 4350 Lincolniensis
730 4295 894 4365 episcopus,
921 4296 1038 4351 natione
1062 4297 1251 4368 Burgnndus,
1279 4310 1423 4370 perantes

372 4383 454 4454 prior
471 4379 548 4452 apud
565 4379 714 4450 Wytham,
734 4378 951 4435 Carthasieusis
970 4380 1091 4447 ordinis,
1108 4382 1194 4453 juxta
1212 4382 1420 4453 Saresbiriam,

371 4468 525 4523 defunctus
543 4470 597 4520 est.

696 4631 1111 4640 ——————-—-—.—
