3232 5692
514 800 654 855 mouns
675 800 784 855 sauss
805 800 958 855 rasurus
1196 787 1261 853 283

221 980 336 1038 cuidam
370 979 544 1054 supposuit,¹
575 985 606 1038 at
640 998 708 1037 mox
736 979 892 1039 sanitatem
926 979 1113 1039 subsecutam
1147 977 1264 1052 publice
1275 975 1345 1030 Ad).
1360 978 1431 1028 llud

223 1065 403 1138 praedicavit.
451 1064 514 1135 Quo
540 1065 661 1137 vulgato
690 1065 816 1139 populus
845 1065 1009 1137 patibulum
1035 1065 1098 1138 ejas
1124 1070 1266 1120 nocturno

219 1153 298 1206 furto
317 1151 446 1216 sustulit,
465 1155 576 1206 terrum
601 1150 744 1222 sanguino
761 1151 826 1223 ejus
845 1156 1024 1207 cruentatam
1041 1150 1124 1205 velut
1150 1167 1266 1205 sacrum

220 1236 360 1308 quiddam
383 1237 415 1291 in
438 1254 508 1292 usus
527 1236 712 1293 curationum
729 1235 880 1307 usquead
905 1236 1014 1291 fossam
1038 1253 1096 1290 non
1122 1234 1266 1291 modicam

219 1338 272 1392 per
289 1321 427 1378 minutias
446 1320 566 1377 abrasit.
601 1320 693 1377 Fama
709 1320 809 1392 itaque
828 1320 886 1377 late
904 1321 947 1377 sic
960 1319 1092 1392 dispersa
1110 1320 1266 1377 stultorum

220 1411 250 1460 et
267 1405 449 1461 emiosorum
465 1406 617 1461 hominum
633 1423 740 1477 greges
753 1405 944 1462 confluebant.
976 1403 1146 1462 Excubabat
1157 1403 1267 1460 ibidem

219 1495 359 1544 nocturno
380 1496 512 1562 tempore
534 1490 664 1547 insulsa¹
679 1490 794 1562 jugiter
812 1489 978 1556 multitudo,
998 1488 1132 1546 tantnm³
1149 1488 1268 1545 honoris

220 1573 380 1630 Willielmo
404 1573 574 1646 impendens
608 1579 722 1631 tantum
748 1574 899 1630 dedecoris
928 1574 993 1646 ejus
1023 1573 1185 1631 damnatori
1215 1573 1268 1627 im·

220 1658 362 1729 pingens,
394 1664 567 1730 tantumque
603 1658 728 1715 invaluit
765 1658 899 1731 inceptus
929 1675 1011 1714 error
1040 1664 1075 1717 ut
1108 1658 1267 1730 prudentes

221 1760 351 1813 quosque
382 1742 563 1809 fascinasset,
594 1743 652 1798 nisi
682 1761 717 1798 ea
746 1760 812 1815 quae
837 1741 873 1797 de
900 1759 935 1797 eo
962 1748 1047 1814 gesta
1073 1745 1268 1814 cognoverant

220 1826 335 1881 cautius
371 1825 575 1883 advertissent.
626 1825 701 1882 Sane
732 1831 852 1899 excepto
888 1843 923 1882 eo
959 1826 1037 1899 quod
1074 1827 1162 1898 paulo
1201 1830 1266 1881 ante
1280 1821 1429 1903 confession

220 1911 382 1980 captionem
413 1929 496 1965 suam
525 1909 716 1966 homicidium
745 1911 940 1976 commiserat,
967 1910 1045 1982 quod
1074 1912 1177 1983 utique
1207 1891 1437 1971 eui-dmm

220 1995 293 2050 libet
311 1995 428 2050 cordato
446 1995 510 2050 viro
528 2013 565 2050 ne
582 2013 637 2066 pro
654 2000 784 2066 martyre
798 1995 948 2051 vcoleretur
966 1996 1098 2051 sufficere
1116 1996 1266 2060 debuerat,
1280 1958 1416 2077 ᾏἪΜ

221 2079 315 2152 ipsius
334 2084 464 2135 extrema
482 2078 536 2134 sub
554 2085 648 2135 morte
666 2079 810 2135 confessio
829 2097 897 2135 sues
916 2079 1018 2135 debuit
1035 2082 1162 2136 cultores
1186 2096 1268 2134 vere·

221 2165 373 2221 cundasse.
412 2163 525 2234 Quippe
543 2181 610 2218 cum
632 2182 650 2218 a
675 2164 824 2219 nonnullis
843 2165 976 2235 quumvis
1002 2182 1068 2221 sero
1085 2165 1139 2221 sub
1164 2163 1270 2219 humili

221 2255 408 2320 peccatorum
426 2248 607 2303 confessione
620 2247 690 2303 dare
703 2247 766 2304 Deo
784 2249 910 2320 gloriam
927 2257 1105 2316 moneretur,
1119 2252 1269 2306 confessus
1280 2240 1299 2293 f·
1310 2244 1352 2291 ⁴¹·

222 2337 268 2388 est
297 2350 329 2387 se
354 2332 509 2387 ecelesiam
538 2331 632 2387 beatur
658 2331 761 2386 Mariua
792 2331 862 2386 dum
892 2331 934 2387 ibi
964 2338 1129 2405 expectaret
1158 2335 1270 2390 semine

221 2417 370 2487 polluisse.
406 2415 531 2486 Insuper
561 2421 591 2470 et
621 2433 688 2470 eum
719 2415 757 2470 ad
784 2422 885 2471 votum
914 2434 967 2487 per
997 2435 1065 2473 suos
1094 2417 1182 2472 citius
1212 2436 1270 2473 non

221 2501 394 2571 eriperetur,
413 2507 519 2570 negato
546 2498 649 2553 Marisa
680 2499 749 2564 filio,
776 2517 811 2554 eo
838 2500 917 2570 quod
941 2518 1009 2556 eum
1038 2518 1096 2555 non
1119 2501 1268 2567 liberaret,

221 2583 369 2638 diabolum
387 2582 425 2637 ad
437 2601 520 2638 suam
537 2582 740 2638 liberationem
759 2583 931 2639 invocasset.
969 2584 1178 2640 Inficiabantur
1196 2585 1270 2641 ista⁴

221 2667 375 2722 Willielmi
390 2667 598 2737 justificatores
617 2672 705 2735 atque
726 2666 856 2737 maligne
874 2667 996 2724 conficta
1013 2667 1156 2725 dicebant.
1199 2670 1272 2725 Post

224 2752 306 2807 litem
324 2752 399 2806 hanc
418 2750 537 2805 diremit
554 2750 585 2804 in
603 2749 687 2805 brevi
705 2749 854 2806 fabricatae
872 2752 1009 2809 vanitatis
1028 2772 1155 2810 occasus.
1186 2754 1271 2810 Veri-

223 2842 269 2892 tas
287 2852 391 2906 nempe
410 2833 503 2890 solida
521 2840 566 2889 eet
584 2839 615 2890 et
631 2839 763 2904 tempore
781 2835 966 2892 convalescit.
1000 2838 1099 2908 lgitur
1117 2839 1270 2894 Hubertus

224 2919 470 2990 archiepiscopus,
507 2917 593 2988 regni
628 2917 803 2984 moderator,
835 2918 866 2974 in
901 2919 1080 2977 sacerdotem
1115 2925 1270 2993 preesatum

224 3003 424 3059 ecclesiastiea
439 3009 583 3074 praesente
601 3001 731 3057 vindicta
749 3008 890 3058 armatam
908 3005 1070 3060 custodiam
1087 3007 1119 3062 in
1136 3007 1188 3062 illo
1206 3007 1270 3062 loco

223 3089 332 3158 posuit,
347 3104 412 3158 quae
431 3091 461 3141 et
479 3103 628 3140 accessum
647 3087 863 3141 accurrentium
881 3093 1001 3144 arceret.
1027 3089 1067 3145 Et
1084 3091 1127 3146 sic
1144 3091 1175 3145 in
1187 3092 1270 3148 brevi

224 3172 358 3229 machina
369 3168 563 3226 concinnatae⁶
576 3170 794 3316 supersffiionis
809 3171 952 3228 considit⁶
964 3178 995 3229 et
1011 3175 1159 3245 popularis
1171 3178 1270 3248 opinio

225 3264 402 3336 conquievit.
464 3254 509 3317 Et
540 3261 600 3316 illis
630 3261 677 3317 die
720 3281 734 3318 s
764 3263 884 3333 quidam
913 3272 1029 3322 sanctus
1067 3269 1202 3325 sacerdos
1239 3269 1393 3326 inRichurd

224 3357 330 3420 Gallia,
350 3355 466 3410 nomine
484 3354 586 3419 Fulco,
599 3355 681 3409 venit
698 3356 735 3410 ad
753 3373 855 3427 regem
873 3357 1041 3424 Ricardum,
1056 3361 1098 3416 sio
1116 3362 1267 3435 inquiens:
1282 3338 1399 3454 ffig'db

225 3444 244 3467 ⁴⁶
265 3441 339 3495 Dico
356 3440 421 3503 tibi,
441 3456 501 3504 rex,
522 3455 556 3492 ex
574 3445 657 3508 parte
676 3437 732 3493 Dei
751 3440 966 3511 omnipotentis,
986 3449 1021 3499 ut
1040 3450 1100 3500 tres
1118 3446 1194 3502 filias
1220 3487 1226 3502 .
1260 3468 1326 3519 .ὼο
1338 3419 1438 3519 prena

226 3526 273 3578 “.
307 3564 314 3577 .
352 3523 494 3594 pessimas
512 3521 600 3577 citius
619 3522 725 3592 nuptui
745 3523 853 3587 tradas,
875 3543 912 3580 ne
930 3527 1043 3598 aliquid
1067 3528 1196 3586 deterius
1214 3530 1270 3587 tibi
1282 3535 1430 3599 priestl‘ul·

226 3611 245 3634 ‘⁴
264 3606 445 3678 contingat.”
482 3606 539 3661 Oui
556 3624 617 3669 rex,
639 3608 658 3632 ‘⁶
671 3605 817 3672 Mentiris,
837 3608 969 3679 ipocrita,
990 3612 1059 3682 quia
1083 3614 1195 3669 nullam
1226 3655 1233 3671 .
1261 3616 1322 3671 ‚⁰⁰-

227 3694 246 3718 “
265 3690 387 3746 hsbee.’'
423 3690 463 3745 Et
491 3689 552 3754 ille,
580 3689 704 3745 “Immo
734 3691 901 3762 superbiam
930 3694 1030 3761 habes,
1057 3698 1211 3755 avaritiam
1241 3706 1272 3757 et

227 3779 246 3803 ‘⁸
265 3773 442 3830 luxuriam.”
479 3773 543 3828 Rex
566 3790 638 3844 ergo
656 3775 820 3831 convocatis
846 3777 908 3832 suis
931 3780 1100 3848 proceribus
1122 3783 1172 3848 ait,
1195 3784 1271 3842 “Do

227 3863 246 3887 ‘⁸
266 3858 433 3929 superbiam
462 3874 558 3913 meam
583 3857 758 3928 Templariis
783 3866 813 3915 et
837 3859 1054 3932 Hospitalariie,
1081 3866 1271 3937 cupiditatem

228 3947 246 3970 ‘⁴
266 3961 360 3998 meam
379 3941 528 3997 monachis
547 3940 791 3999 Cistereiensibus
810 3949 840 3998 et
857 3944 1004 4000 luxuriam
1021 3964 1116 4004 meam
1141 3952 1272 4010 ecclesias

228 4030 246 4054 ‘⁶
266 4025 425 4099 praelatis?
473 4025 525 4080 Illi
561 4031 659 4081 autem
695 4043 768 4096 quos
804 4027 895 4083 Falco
930 4028 1012 4100 ipre⁷
1046 4035 1273 4105 reprehenderat

227 4120 370 4175 miserunt
387 4118 473 4173 illurn
490 4117 522 4172 in
539 4117 664 4181 vincula,
682 4118 808 4173 sednon
834 4119 929 4190 potuit
946 4121 1073 4196 alligari.
1121 4118 1187 4184 Hic
1209 4121 1273 4186 itast

227 4232 290 4299 que
329 4211 489 4276 Ricardus
527 4230 586 4276 rex
624 4212 777 4298 regnavit
820 4217 966 4301 tempore
1002 4216 1101 4304 hujus
1138 4220 1272 4290 Thomae

260 4473 684 4540 'supposuit]superposuit,1l1l
804 4468 1248 4545 commemorassemus

259 4553 387 4619 ²insulro]
400 4554 491 4614 insula,
502 4553 559 4605 MS.
806 4557 940 4625 ‘conridiq
955 4561 1074 4623 concidit,
1085 4563 1116 4614 R.
1128 4565 1162 4619 Η,

259 4633 387 4699 'tuuwruJ
401 4641 531 4699 quantum,
541 4633 574 4687 B.
585 4633 618 4685 Η.
804 4637 1131 4706 ’ἰρκ]ρ1·ωᾱίοῖιιι,Β.Η.

260 4714 270 4744 ⁴
282 4712 343 4778 bro]
356 4712 406 4776 isti,
416 4713 448 4765 Β.
458 4712 493 4765 Η.
