3232 5692
323 711 388 779 120
638 720 753 808 ⁸arnan
774 721 883 772 naurs
905 721 1042 773 ramus.

157 918 277 970 Fluctus.
324 896 405 964 duos
427 898 548 988 primos
570 919 673 964 annos
702 920 778 965 suos
811 896 943 964 fueraut
975 902 1171 986 perpetrata
1218 894 1372 976 Quidue

156 985 279 1102 ssfflsn
323 1001 402 1065 anni
426 1000 487 1086 ipsi
510 999 579 1086 regi
603 998 771 1086 Stephano
794 999 1003 1086 prosperrimi
1026 1000 1183 1076 fuerunt3
1217 1004 1251 1063 et
1273 995 1374 1061 medii

155 1066 250 1183 dunig
280 1066 297 1117 5
324 1102 403 1167 anni
425 1102 513 1167 inter
534 1102 622 1188 ipsos
636 1101 719 1168 duos
743 1101 865 1188 primos
881 1107 916 1168 et
937 1102 1022 1167 duos
1036 1101 1176 1167 ultimos
1197 1099 1374 1165 mediocres

157 1185 289 1315 ἓξὲξ·
324 1211 358 1270 et
389 1203 554 1282 intercisi;
588 1202 654 1269 duo
685 1224 764 1270 vero
794 1205 874 1268 anni
908 1202 1019 1268 ultimi
1051 1202 1202 1269 exitiales
1224 1207 1259 1267 et
1291 1222 1373 1287 prae·

158 1328 293 1394 stegeanc
324 1305 422 1392 rupti.
469 1305 549 1371 Post
572 1306 650 1387 hac,
673 1328 761 1371 anno
791 1307 891 1372 tertio
922 1305 1015 1393 regni
1045 1305 1105 1382 sui,
1128 1304 1197 1392 ipse
1218 1325 1278 1368 rex
1302 1301 1375 1367 Ste-

156 1395 303 1513 ‘ffihnd
324 1407 452 1494 phanus
496 1408 735 1473 Normanuiam
780 1407 901 1488 exiens,
947 1407 1076 1472 intrans
1120 1404 1284 1493 Angliam,
1330 1404 1372 1468 ad

157 1478 173 1511 ⁰
258 1477 286 1512 or
305 1499 535 1576 'Bedfordiam
557 1533 614 1597 per
637 1514 746 1576 totum
769 1509 880 1576 natale
907 1508 1043 1576 Domini
1065 1507 1278 1574 obsidendam
1301 1529 1374 1594 pro·

158 1616 276 1667 lavaron
286 1617 317 1668 or
325 1612 458 1678 volavit.
505 1612 650 1678 Reddita
664 1619 775 1678 autem
791 1611 975 1690 Bedfordia,
991 1610 1034 1676 ud
1050 1610 1238 1699 homagium
1261 1609 1372 1674 David

158 1684 284 1734 ⁸⁰⁰²¹⁸¹¹d'
325 1714 409 1801 regis
447 1713 565 1780 Scotiae
602 1715 815 1799 quarendum
859 1715 1040 1779 exercitum
1078 1734 1192 1778 versus
1228 1711 1372 1777 Scotiam

325 1815 560 1892 commovebat,
600 1821 635 1880 et
672 1820 833 1901 quantum
871 1815 994 1879 malum
1032 1814 1068 1878 in
1105 1813 1243 1879 australi
1280 1819 1373 1899 parte

159 1923 313 2001 carrenses
326 1916 445 1984 Scotiae
468 1918 572 1983 lacere
594 1923 724 2004 poterat
746 1918 881 1982 minime
912 1916 1097 1983 differebat.
1143 1915 1216 1996 Quo
1239 1915 1371 2001 quidem

159 2000 278 2119 mix}
324 2025 470 2106 tempore
493 2023 601 2084 castra
622 2026 656 2085 et
678 2018 774 2085 villas
796 2019 836 2084 de
863 2019 1038 2096 Herforth,
1062 2018 1241 2104 Brystowe,
1268 2016 1374 2095 Slede,

158 2123 264 2206 rfuuced
278 2124 312 2188 br
326 2120 429 2207 Kary,
451 2119 614 2199 Ludelaw,
639 2120 834 2201 Oxenforth,
858 2126 892 2186 et
922 2119 1078 2199 Maltona,
1102 2141 1229 2185 necnon
1252 2124 1286 2183 et
1311 2119 1376 2183 ulia

161 2189 279 2252 stephan.
324 2223 475 2309 plurima,
499 2228 669 2311 magnates
699 2223 841 2309 quidam,
864 2223 935 2309 regi
964 2223 1151 2288 invidentes
1181 2226 1216 2287 et
1238 2222 1376 2307 impera-

325 2325 400 2390 trici
445 2325 663 2402 confoventes,
701 2325 817 2390 invasa
860 2331 976 2390 contra
1012 2346 1122 2411 regem
1168 2324 1373 2410 Stephanum

326 2425 531 2492 detinebant.
579 2425 660 2508 Quae
687 2432 798 2492 tamen
833 2426 943 2491 omnia
973 2425 1061 2492 idem
1094 2448 1155 2490 rex
1189 2424 1376 2512 Stephanus

159 2536 296 2601 Imprisou·
326 2535 440 2616 postea
461 2551 623 2616 regressus
650 2528 861 2616 recuperavit.
919 2527 992 2608 Quo
1023 2528 1156 2614 quidem
1191 2527 1232 2592 de
1265 2526 1374 2592 Scotia
1387 2527 1538 2614 stampe.

158 2605 305 2721 muzae,
326 2631 494 2709 redeunte,
517 2639 592 2717 post
612 2631 869 2717 reacceptionem
892 2630 1097 2716 quorundam
1120 2628 1282 2695 dictorum
1306 2651 1373 2695 cas-
1387 2595 1433 2644 ⁰⁰¹'
1448 2601 1519 2646 Μ’·

159 2737 217 2851 {iffi
218 2737 313 2866 ἐῖἰκὲτ,
325 2737 461 2810 trorum,
490 2731 720 2797 Alexandrum
750 2731 1008 2797 Lincohriensem
1046 2731 1233 2818 episcopum
1264 2730 1375 2796 inedia

159 2869 268 2919 Lineoln
291 2804 303 2854 ι
325 2834 508 2899 confectum
531 2833 726 2914 vinculavit,
749 2833 852 2900 donec
881 2840 989 2899 castra
1018 2856 1077 2898 sua
1106 2833 1147 2898 de
1170 2832 1317 2898 Newark
1339 2840 1373 2898 et

159 2937 209 2985 ³¹¹⁶
222 2934 299 2986 salis-
326 2935 470 3002 Sleforth
509 2936 578 3022 regi
608 2935 813 3002 reddidisset.
858 2937 1023 3024 Rogerum
1056 2936 1156 3001 etiam
1194 2935 1373 3001 Sarisburi-

159 3003 231 3067 bury.
325 3059 435 3103 ensem
459 3037 655 3125 episcopum,
677 3038 734 3124 qui
768 3038 799 3103 ei
834 3038 869 3102 iu
902 3038 1110 3103 coronatione
1144 3059 1204 3102 sua
1229 3037 1372 3117 favebat,

326 3140 477 3204 similiter
511 3161 662 3226 perverse
700 3139 931 3205 incarcerando
968 3140 1052 3206 male
1078 3139 1245 3217 tractavit,
1270 3139 1373 3204 donec

327 3242 392 3307 duo
422 3242 555 3307 castella
585 3264 644 3307 sua
678 3242 719 3308 de
753 3241 896 3327 Dyvisee
934 3248 968 3308 et
1007 3242 1047 3306 de
1085 3240 1307 3328 Schyrhornia
1345 3243 1374 3307 ei

327 3344 478 3410 dedisset.

330 3683 408 3751 Car.
430 3684 563 3750 XXIII.
587 3683 636 3750 Do
659 3684 738 3751 hello
757 3685 801 3751 dc
817 3686 1013 3754 Statularclo
1028 3689 1127 3775 opud
1142 3690 1371 3757 alvertonam..

161 3889 316 3942 n.1).rree.
375 3875 541 3962 Occupato
576 3875 679 3962 igitur
711 3898 787 3963 rege
818 3876 997 3964 Stephano,
1032 3885 1071 3944 ut
1107 3879 1307 3966 praedicitur,
1338 3880 1373 3945 in
1388 3903 1543 3955 umam

162 3969 321 4090 {flnvglffiffl'
330 3978 573 4064 oppugnatione
612 3978 774 4043 dictorum
809 3979 964 4045 villarum
1003 3985 1038 4046 et
1075 3987 1254 4047 castrorum
1289 3984 1374 4048 circa
1387 3975 1481 4035 1‘·³⁸⁸·

161 4085 439 4167 byrravruofpartes
468 4079 626 4145 australes
655 4081 793 4168 Anglioe,
822 4080 933 4148 David
956 4083 1134 4170 praedictus
1157 4106 1216 4149 rex
1246 4083 1375 4151 Scotto·

162 4170 289 4220 smum·
329 4203 403 4247 rum
449 4181 722 4246 innumerabilem
768 4184 949 4249 exercitum
995 4206 1091 4249 suum
1129 4187 1294 4273 promovit
1338 4187 1374 4251 in

330 4283 495 4370 Angliam,
522 4289 556 4348 et
579 4304 637 4369 per
659 4305 736 4349 suos
769 4286 995 4351 execrabiliter
1017 4287 1202 4373 peragebat.
1249 4287 1374 4354 Praeter
1388 4308 1414 4358 J.
1427 4307 1545 4371 Brompt.

161 4395 314 4476 Enormnies
330 4392 442 4450 autem
473 4386 615 4471 rapinas,
642 4384 746 4452 caedes
776 4392 811 4451 et
847 4387 1009 4464 incendia,
1039 4388 1192 4454 mulieres
1221 4391 1375 4477 gravidas
1388 4374 1435 4424 ⁰⁰¹·
1451 4378 1523 4425 ¹⁰²³·

162 4466 309 4595 {mm
330 4487 435 4553 Scotti
467 4486 646 4564 findebant,
680 4492 716 4552 et
753 4488 854 4554 soetus
894 4489 1092 4576 anticipatos
1127 4491 1374 4574 abstrahebant,

160 4603 255 4655 aroc.
329 4609 446 4677 pueros
484 4609 582 4675 super
618 4589 771 4654 acumina
808 4588 993 4656 lanceanrm
1026 4591 1208 4677 jactabant,
1241 4593 1375 4681 presby-
