<?xml version="1.0" encoding="UTF-8"?>
<!DOCTYPE html PUBLIC "-//W3C//DTD XHTML 1.0 Transitional//EN"
    "http://www.w3.org/TR/xhtml1/DTD/xhtml1-transitional.dtd">
<html xmlns="http://www.w3.org/1999/xhtml" xml:lang="en" lang="en">
 <head>
  <title>
</title>
<meta http-equiv="Content-Type" content="text/html;charset=utf-8" />
  <meta name='ocr-system' content='tesseract 3.04.00' />
  <meta name='ocr-capabilities' content='ocr_page ocr_carea ocr_par ocr_line ocrx_word'/>
</head>
<body>
  <div class='ocr_page' id='page_1' title='image "./chronicamonaste00thomgoog_0319.png"; bbox 0 0 3256 5692; ppageno 0'>
   <div class='ocr_carea' id='block_1_1' title="bbox 376 743 1118 811">
    <p class='ocr_par' dir='ltr' id='par_1_1' title="bbox 376 743 1118 811">
     <span class='ocr_line' id='line_1_1' title="bbox 376 743 1118 811; baseline 0.008 -7"><span class='ocrx_word' id='word_1_1' title='bbox 376 743 440 804; x_wconf 76' lang='lat'><strong>218</strong></span> <span class='ocrx_word' id='word_1_2' title='bbox 674 756 812 807; x_wconf 68' lang='lat' dir='ltr'><strong>mouns</strong></span> <span class='ocrx_word' id='word_1_3' title='bbox 834 755 943 809; x_wconf 69' lang='lat' dir='ltr'><strong>Annus</strong></span> <span class='ocrx_word' id='word_1_4' title='bbox 965 759 1118 811; x_wconf 77' lang='lat' dir='ltr'>TERTIUS.</span> 
     </span>
    </p>
   </div>
   <div class='ocr_carea' id='block_1_2' title="bbox 205 928 1435 2858">
    <p class='ocr_par' dir='ltr' id='par_1_2' title="bbox 205 928 1420 1327">
     <span class='ocr_line' id='line_1_2' title="bbox 207 928 1420 1022; baseline 0.008 -29"><span class='ocrx_word' id='word_1_5' title='bbox 207 953 274 1003; x_wconf 68' lang='lat' dir='ltr'><strong>M),</strong></span> <span class='ocrx_word' id='word_1_6' title='bbox 289 958 351 1005; x_wconf 72' lang='lat'><strong>11⁸2</strong></span> <span class='ocrx_word' id='word_1_7' title='bbox 373 930 572 995; x_wconf 84' lang='lat' dir='ltr'><strong>monasterio</strong></span> <span class='ocrx_word' id='word_1_8' title='bbox 594 928 729 995; x_wconf 90' lang='lat' dir='ltr'><strong>nostro¹</strong></span> <span class='ocrx_word' id='word_1_9' title='bbox 750 930 792 995; x_wconf 94' lang='lat' dir='ltr'><strong>de</strong></span> <span class='ocrx_word' id='word_1_10' title='bbox 815 929 929 1011; x_wconf 82' lang='lat' dir='ltr'><strong>Melea,</strong></span> <span class='ocrx_word' id='word_1_11' title='bbox 948 931 1091 999; x_wconf 84' lang='lat' dir='ltr'><strong>ecclesiae</strong></span> <span class='ocrx_word' id='word_1_12' title='bbox 1112 933 1153 999; x_wconf 90' lang='lat' dir='ltr'><strong>de</strong></span> <span class='ocrx_word' id='word_1_13' title='bbox 1176 933 1332 1022; x_wconf 83' lang='lat' dir='ltr'><strong>Waghna</strong></span> <span class='ocrx_word' id='word_1_14' title='bbox 1354 938 1420 1003; x_wconf 89' lang='lat' dir='ltr'><strong>sin·</strong></span> 
     </span>
     <span class='ocr_line' id='line_1_3' title="bbox 205 1024 1419 1125; baseline 0.01 -31"><span class='ocrx_word' id='word_1_15' title='bbox 205 1024 296 1071; x_wconf 59' lang='lat'><strong>⁴¹⁹⁷·</strong></span> <span class='ocrx_word' id='word_1_16' title='bbox 372 1033 458 1119; x_wconf 81' lang='lat' dir='ltr'><strong>gulis</strong></span> <span class='ocrx_word' id='word_1_17' title='bbox 481 1032 577 1097; x_wconf 91' lang='lat' dir='ltr'><strong>annis</strong></span> <span class='ocrx_word' id='word_1_18' title='bbox 609 1034 692 1097; x_wconf 91' lang='lat' dir='ltr'><strong>duas</strong></span> <span class='ocrx_word' id='word_1_19' title='bbox 723 1033 824 1098; x_wconf 87' lang='lat' dir='ltr'><strong>libras</strong></span> <span class='ocrx_word' id='word_1_20' title='bbox 854 1054 937 1100; x_wconf 85' lang='lat' dir='ltr'><strong>cerae</strong></span> <span class='ocrx_word' id='word_1_21' title='bbox 970 1055 1029 1120; x_wconf 90' lang='lat' dir='ltr'><strong>pro</strong></span> <span class='ocrx_word' id='word_1_22' title='bbox 1063 1036 1150 1102; x_wconf 91' lang='lat' dir='ltr'><strong>bono</strong></span> <span class='ocrx_word' id='word_1_23' title='bbox 1182 1039 1272 1125; x_wconf 85' lang='lat' dir='ltr'><strong>pacis</strong></span> <span class='ocrx_word' id='word_1_24' title='bbox 1294 1040 1419 1107; x_wconf 79' lang='lat' dir='ltr'><strong>salvem</strong></span> 
     </span>
     <span class='ocr_line' id='line_1_4' title="bbox 372 1135 1418 1213; baseline 0.01 -14"><span class='ocrx_word' id='word_1_25' title='bbox 372 1135 582 1213; x_wconf 72' lang='lat' dir='ltr'><strong>teneremur,2</strong></span> <span class='ocrx_word' id='word_1_26' title='bbox 614 1139 649 1200; x_wconf 89' lang='lat' dir='ltr'><strong>et</strong></span> <span class='ocrx_word' id='word_1_27' title='bbox 679 1157 700 1199; x_wconf 91' lang='lat' dir='ltr'><strong>a</strong></span> <span class='ocrx_word' id='word_1_28' title='bbox 737 1135 902 1201; x_wconf 86' lang='lat' dir='ltr'><strong>solutione</strong></span> <span class='ocrx_word' id='word_1_29' title='bbox 940 1137 1140 1204; x_wconf 87' lang='lat' dir='ltr'><strong>decimarum</strong></span> <span class='ocrx_word' id='word_1_30' title='bbox 1177 1140 1330 1207; x_wconf 87' lang='lat' dir='ltr'><strong>laborum</strong></span> <span class='ocrx_word' id='word_1_31' title='bbox 1368 1142 1418 1209; x_wconf 86' lang='lat' dir='ltr'><strong>vel</strong></span> 
     </span>
     <span class='ocr_line' id='line_1_5' title="bbox 372 1238 1419 1327; baseline 0.011 -27"><span class='ocrx_word' id='word_1_32' title='bbox 372 1241 563 1323; x_wconf 72' lang='lat' dir='ltr'><strong>sumptuum</strong></span> <span class='ocrx_word' id='word_1_33' title='bbox 601 1242 789 1302; x_wconf 89' lang='lat' dir='ltr'><strong>nostrorum</strong></span> <span class='ocrx_word' id='word_1_34' title='bbox 822 1238 989 1323; x_wconf 88' lang='lat' dir='ltr'><strong>perpetuis</strong></span> <span class='ocrx_word' id='word_1_35' title='bbox 1020 1241 1225 1327; x_wconf 75' lang='lat' dir='ltr'><strong>temporibus</strong></span> <span class='ocrx_word' id='word_1_36' title='bbox 1255 1243 1419 1311; x_wconf 84' lang='lat' dir='ltr'><strong>immunes</strong></span> 
     </span>
    </p>

    <p class='ocr_par' dir='ltr' id='par_1_3' title="bbox 295 1340 1435 1735">
     <span class='ocr_line' id='line_1_6' title="bbox 295 1340 1419 1433; baseline 0.008 -29"><span class='ocrx_word' id='word_1_37' title='bbox 295 1367 297 1370; x_wconf 94' lang='lat'>·</span> <span class='ocrx_word' id='word_1_38' title='bbox 372 1360 515 1405; x_wconf 83' lang='lat' dir='ltr'><strong>essemus</strong></span> <span class='ocrx_word' id='word_1_39' title='bbox 552 1344 587 1404; x_wconf 90' lang='lat' dir='ltr'><strong>et</strong></span> <span class='ocrx_word' id='word_1_40' title='bbox 624 1341 757 1426; x_wconf 86' lang='lat' dir='ltr'><strong>penitus</strong></span> <span class='ocrx_word' id='word_1_41' title='bbox 795 1340 961 1406; x_wconf 83' lang='lat' dir='ltr'><strong>absoluti.³</strong></span> <span class='ocrx_word' id='word_1_42' title='bbox 1015 1341 1080 1407; x_wconf 88' lang='lat' dir='ltr'><strong>Sed</strong></span> <span class='ocrx_word' id='word_1_43' title='bbox 1121 1344 1188 1408; x_wconf 88' lang='lat' dir='ltr'><strong>ista</strong></span> <span class='ocrx_word' id='word_1_44' title='bbox 1224 1347 1419 1433; x_wconf 80' lang='lat' dir='ltr'><strong>compositio</strong></span> 
     </span>
     <span class='ocr_line' id='line_1_7' title="bbox 372 1440 1418 1532; baseline 0.009 -26"><span class='ocrx_word' id='word_1_45' title='bbox 372 1440 454 1507; x_wconf 79' lang='lat' dir='ltr'><strong>fuit⁴</strong></span> <span class='ocrx_word' id='word_1_46' title='bbox 488 1448 636 1528; x_wconf 89' lang='lat' dir='ltr'><strong>tempore</strong></span> <span class='ocrx_word' id='word_1_47' title='bbox 658 1442 842 1508; x_wconf 82' lang='lat' dir='ltr'><strong>Alexandri</strong></span> <span class='ocrx_word' id='word_1_48' title='bbox 876 1443 1006 1508; x_wconf 86' lang='lat' dir='ltr'><strong>abbatis</strong></span> <span class='ocrx_word' id='word_1_49' title='bbox 1041 1448 1062 1509; x_wconf 73' lang='lat'>4</span> <span class='ocrx_word' id='word_1_50' title='bbox 1089 1446 1247 1532; x_wconf 82' lang='lat' dir='ltr'><strong>penitus⁵</strong></span> <span class='ocrx_word' id='word_1_51' title='bbox 1278 1448 1418 1515; x_wconf 86' lang='lat' dir='ltr'><strong>irritata.</strong></span> 
     </span>
     <span class='ocr_line' id='line_1_8' title="bbox 372 1544 1435 1645; baseline 0.008 -37"><span class='ocrx_word' id='word_1_52' title='bbox 372 1544 523 1610; x_wconf 84' lang='lat' dir='ltr'><strong>Postca⁰</strong></span> <span class='ocrx_word' id='word_1_53' title='bbox 560 1545 662 1609; x_wconf 84' lang='lat' dir='ltr'><strong>abbas</strong></span> <span class='ocrx_word' id='word_1_54' title='bbox 706 1545 775 1631; x_wconf 89' lang='lat' dir='ltr'><strong>ipse</strong></span> <span class='ocrx_word' id='word_1_55' title='bbox 820 1544 961 1609; x_wconf 80' lang='lat' dir='ltr'><strong>Thomas</strong></span> <span class='ocrx_word' id='word_1_56' title='bbox 1007 1546 1130 1612; x_wconf 88' lang='lat' dir='ltr'><strong>dictam</strong></span> <span class='ocrx_word' id='word_1_57' title='bbox 1167 1548 1338 1615; x_wconf 87' lang='lat' dir='ltr'><strong>ecclesiam</strong></span> <span class='ocrx_word' id='word_1_58' title='bbox 1378 1552 1435 1645; x_wconf 28' lang='lat' dir='ltr'><strong>dc·</strong></span> 
     </span>
     <span class='ocr_line' id='line_1_9' title="bbox 371 1647 1418 1735; baseline 0.006 -23"><span class='ocrx_word' id='word_1_59' title='bbox 371 1647 531 1734; x_wconf 83' lang='lat' dir='ltr'><strong>Waglma,</strong></span> <span class='ocrx_word' id='word_1_60' title='bbox 555 1647 646 1734; x_wconf 89' lang='lat' dir='ltr'><strong>cujus</strong></span> <span class='ocrx_word' id='word_1_61' title='bbox 668 1648 842 1713; x_wconf 85' lang='lat' dir='ltr'><strong>advocatio</strong></span> <span class='ocrx_word' id='word_1_62' title='bbox 875 1648 919 1712; x_wconf 90' lang='lat' dir='ltr'><strong>ad</strong></span> <span class='ocrx_word' id='word_1_63' title='bbox 949 1647 1058 1735; x_wconf 89' lang='lat' dir='ltr'><strong>ipsum</strong></span> <span class='ocrx_word' id='word_1_64' title='bbox 1087 1652 1323 1717; x_wconf 82' lang='lat' dir='ltr'><strong>monasterium</strong></span> <span class='ocrx_word' id='word_1_65' title='bbox 1346 1674 1418 1719; x_wconf 85' lang='lat' dir='ltr'><strong>nos·</strong></span> 
     </span>
    </p>

    <p class='ocr_par' dir='ltr' id='par_1_4' title="bbox 369 1750 1419 1939">
     <span class='ocr_line' id='line_1_10' title="bbox 370 1750 1418 1842; baseline 0.007 -27"><span class='ocrx_word' id='word_1_66' title='bbox 370 1758 460 1815; x_wconf 90' lang='lat' dir='ltr'><strong>trum</strong></span> <span class='ocrx_word' id='word_1_67' title='bbox 494 1750 689 1837; x_wconf 69' lang='lat' dir='ltr'><strong>pertinebat,</strong></span> <span class='ocrx_word' id='word_1_68' title='bbox 711 1751 747 1813; x_wconf 91' lang='lat' dir='ltr'><strong>in</strong></span> <span class='ocrx_word' id='word_1_69' title='bbox 782 1771 861 1814; x_wconf 90' lang='lat' dir='ltr'><strong>usus</strong></span> <span class='ocrx_word' id='word_1_70' title='bbox 893 1751 1085 1815; x_wconf 87' lang='lat' dir='ltr'><strong>monasterii</strong></span> <span class='ocrx_word' id='word_1_71' title='bbox 1115 1753 1221 1817; x_wconf 89' lang='lat' dir='ltr'><strong>nostri</strong></span> <span class='ocrx_word' id='word_1_72' title='bbox 1242 1761 1418 1842; x_wconf 82' lang='lat' dir='ltr'><strong>perpetuos</strong></span> 
     </span>
     <span class='ocr_line' id='line_1_11' title="bbox 369 1851 1419 1939; baseline 0.006 -22"><span class='ocrx_word' id='word_1_73' title='bbox 369 1853 579 1939; x_wconf 83' lang='lat' dir='ltr'><strong>appropriare</strong></span> <span class='ocrx_word' id='word_1_74' title='bbox 602 1852 780 1917; x_wconf 77' lang='lat' dir='ltr'><strong>nitebatur.</strong></span> <span class='ocrx_word' id='word_1_75' title='bbox 828 1851 902 1929; x_wconf 86' lang='lat' dir='ltr'><strong>Sed,</strong></span> <span class='ocrx_word' id='word_1_76' title='bbox 920 1853 998 1937; x_wconf 84' lang='lat' dir='ltr'><strong>quia</strong></span> <span class='ocrx_word' id='word_1_77' title='bbox 1019 1852 1121 1918; x_wconf 87' lang='lat' dir='ltr'><strong>abbas</strong></span> <span class='ocrx_word' id='word_1_78' title='bbox 1143 1853 1258 1921; x_wconf 80' lang='lat' dir='ltr'><strong>Sancti</strong></span> <span class='ocrx_word' id='word_1_79' title='bbox 1281 1856 1419 1923; x_wconf 86' lang='lat' dir='ltr'><strong>Martini</strong></span> 
     </span>
    </p>

    <p class='ocr_par' dir='ltr' id='par_1_5' title="bbox 370 1952 1418 2141">
     <span class='ocr_line' id='line_1_12' title="bbox 370 1952 1418 2046; baseline 0.006 -27"><span class='ocrx_word' id='word_1_80' title='bbox 370 1956 411 2020; x_wconf 91' lang='lat' dir='ltr'><strong>dc</strong></span> <span class='ocrx_word' id='word_1_81' title='bbox 433 1955 582 2020; x_wconf 78' lang='lat' dir='ltr'><strong>Auxiaco</strong></span> <span class='ocrx_word' id='word_1_82' title='bbox 611 1955 713 2041; x_wconf 81' lang='lat' dir='ltr'><strong>juxta</strong></span> <span class='ocrx_word' id='word_1_83' title='bbox 747 1952 983 2017; x_wconf 86' lang='lat' dir='ltr'><strong>Albemarliam</strong></span> <span class='ocrx_word' id='word_1_84' title='bbox 1017 1955 1052 2017; x_wconf 95' lang='lat' dir='ltr'><strong>in</strong></span> <span class='ocrx_word' id='word_1_85' title='bbox 1088 1956 1177 2022; x_wconf 88' lang='lat' dir='ltr'><strong>dicta</strong></span> <span class='ocrx_word' id='word_1_86' title='bbox 1208 1958 1346 2024; x_wconf 87' lang='lat' dir='ltr'><strong>ecclesia</strong></span> <span class='ocrx_word' id='word_1_87' title='bbox 1362 1960 1418 2046; x_wconf 88' lang='lat' dir='ltr'><strong>jus</strong></span> 
     </span>
     <span class='ocr_line' id='line_1_13' title="bbox 370 2055 1417 2141; baseline 0.007 -19"><span class='ocrx_word' id='word_1_88' title='bbox 370 2057 505 2141; x_wconf 82' lang='lat' dir='ltr'><strong>aliquod</strong></span> <span class='ocrx_word' id='word_1_89' title='bbox 528 2056 730 2133; x_wconf 86' lang='lat' dir='ltr'><strong>vindicabat,</strong></span> <span class='ocrx_word' id='word_1_90' title='bbox 752 2056 822 2141; x_wconf 91' lang='lat' dir='ltr'><strong>ipse</strong></span> <span class='ocrx_word' id='word_1_91' title='bbox 849 2055 952 2120; x_wconf 87' lang='lat' dir='ltr'><strong>abbas</strong></span> <span class='ocrx_word' id='word_1_92' title='bbox 974 2055 1116 2121; x_wconf 90' lang='lat' dir='ltr'><strong>Thomas</strong></span> <span class='ocrx_word' id='word_1_93' title='bbox 1138 2080 1159 2122; x_wconf 90' lang='lat' dir='ltr'><strong>a</strong></span> <span class='ocrx_word' id='word_1_94' title='bbox 1181 2058 1271 2124; x_wconf 89' lang='lat' dir='ltr'><strong>dicto</strong></span> <span class='ocrx_word' id='word_1_95' title='bbox 1293 2061 1417 2129; x_wconf 85' lang='lat' dir='ltr'><strong>abbate</strong></span> 
     </span>
    </p>

    <p class='ocr_par' dir='ltr' id='par_1_6' title="bbox 370 2156 1417 2247">
     <span class='ocr_line' id='line_1_14' title="bbox 370 2156 1417 2247; baseline 0.004 -21"><span class='ocrx_word' id='word_1_96' title='bbox 370 2160 485 2226; x_wconf 84' lang='lat' dir='ltr'><strong>Sancti</strong></span> <span class='ocrx_word' id='word_1_97' title='bbox 508 2158 649 2224; x_wconf 85' lang='lat' dir='ltr'><strong>Martini</strong></span> <span class='ocrx_word' id='word_1_98' title='bbox 671 2158 840 2223; x_wconf 88' lang='lat' dir='ltr'><strong>licentiam</strong></span> <span class='ocrx_word' id='word_1_99' title='bbox 864 2156 1036 2223; x_wconf 87' lang='lat' dir='ltr'><strong>obtinuit⁷</strong></span> <span class='ocrx_word' id='word_1_100' title='bbox 1058 2164 1099 2223; x_wconf 93' lang='lat' dir='ltr'><strong>ut</strong></span> <span class='ocrx_word' id='word_1_101' title='bbox 1121 2159 1225 2247; x_wconf 86' lang='lat' dir='ltr'><strong>ipsam</strong></span> <span class='ocrx_word' id='word_1_102' title='bbox 1248 2164 1417 2229; x_wconf 86' lang='lat' dir='ltr'><strong>ecclesiam</strong></span> 
     </span>
    </p>

    <p class='ocr_par' dir='ltr' id='par_1_7' title="bbox 369 2260 1417 2450">
     <span class='ocr_line' id='line_1_15' title="bbox 369 2260 1417 2348; baseline 0.006 -21"><span class='ocrx_word' id='word_1_103' title='bbox 369 2262 410 2327; x_wconf 90' lang='lat' dir='ltr'><strong>de</strong></span> <span class='ocrx_word' id='word_1_104' title='bbox 426 2262 587 2348; x_wconf 85' lang='lat' dir='ltr'><strong>Waghna‚</strong></span> <span class='ocrx_word' id='word_1_105' title='bbox 603 2283 676 2325; x_wconf 92' lang='lat' dir='ltr'><strong>cum</strong></span> <span class='ocrx_word' id='word_1_106' title='bbox 700 2260 824 2346; x_wconf 85' lang='lat' dir='ltr'><strong>capella</strong></span> <span class='ocrx_word' id='word_1_107' title='bbox 847 2261 888 2324; x_wconf 89' lang='lat' dir='ltr'><strong>de</strong></span> <span class='ocrx_word' id='word_1_108' title='bbox 908 2260 1059 2339; x_wconf 88' lang='lat' dir='ltr'><strong>Suttona‚</strong></span> <span class='ocrx_word' id='word_1_109' title='bbox 1077 2283 1151 2326; x_wconf 89' lang='lat' dir='ltr'><strong>cum</strong></span> <span class='ocrx_word' id='word_1_110' title='bbox 1173 2263 1327 2330; x_wconf 88' lang='lat' dir='ltr'><strong>omnibus</strong></span> <span class='ocrx_word' id='word_1_111' title='bbox 1349 2268 1417 2333; x_wconf 85' lang='lat' dir='ltr'><strong>suia</strong></span> 
     </span>
     <span class='ocr_line' id='line_1_16' title="bbox 369 2362 1417 2450; baseline 0.006 -22"><span class='ocrx_word' id='word_1_112' title='bbox 369 2364 579 2450; x_wconf 86' lang='lat' dir='ltr'><strong>appendiciis,</strong></span> <span class='ocrx_word' id='word_1_113' title='bbox 602 2369 678 2449; x_wconf 88' lang='lat' dir='ltr'><strong>post</strong></span> <span class='ocrx_word' id='word_1_114' title='bbox 699 2363 867 2427; x_wconf 83' lang='lat' dir='ltr'><strong>decessum</strong></span> <span class='ocrx_word' id='word_1_115' title='bbox 901 2362 1036 2427; x_wconf 87' lang='lat' dir='ltr'><strong>rectoris</strong></span> <span class='ocrx_word' id='word_1_116' title='bbox 1063 2367 1144 2429; x_wconf 90' lang='lat' dir='ltr'><strong>tunc</strong></span> <span class='ocrx_word' id='word_1_117' title='bbox 1173 2365 1298 2431; x_wconf 86' lang='lat' dir='ltr'><strong>ibidem</strong></span> <span class='ocrx_word' id='word_1_118' title='bbox 1331 2369 1417 2433; x_wconf 85' lang='lat' dir='ltr'><strong>exis·</strong></span> 
     </span>
    </p>

    <p class='ocr_par' dir='ltr' id='par_1_8' title="bbox 352 2465 1419 2637">
     <span class='ocr_line' id='line_1_17' title="bbox 352 2465 1419 2554; baseline 0.006 -23"><span class='ocrx_word' id='word_1_119' title='bbox 352 2468 481 2545; x_wconf 80' lang='lat' dir='ltr'><strong>tentis,</strong></span> <span class='ocrx_word' id='word_1_120' title='bbox 505 2466 742 2531; x_wconf 84' lang='lat' dir='ltr'><strong>monasterium</strong></span> <span class='ocrx_word' id='word_1_121' title='bbox 764 2468 916 2530; x_wconf 89' lang='lat' dir='ltr'><strong>nostrum</strong></span> <span class='ocrx_word' id='word_1_122' title='bbox 946 2465 1189 2552; x_wconf 84' lang='lat' dir='ltr'><strong>imperpetuum</strong></span> <span class='ocrx_word' id='word_1_123' title='bbox 1215 2468 1419 2554; x_wconf 81' lang='lat' dir='ltr'><strong>possideret;</strong></span> 
     </span>
     <span class='ocr_line' id='line_1_18' title="bbox 369 2566 1419 2637; baseline 0.006 -5"><span class='ocrx_word' id='word_1_124' title='bbox 369 2568 536 2634; x_wconf 87' lang='lat' dir='ltr'><strong>reddendo</strong></span> <span class='ocrx_word' id='word_1_125' title='bbox 559 2567 732 2632; x_wconf 89' lang='lat' dir='ltr'><strong>annuatim</strong></span> <span class='ocrx_word' id='word_1_126' title='bbox 756 2566 924 2631; x_wconf 89' lang='lat' dir='ltr'><strong>monachis</strong></span> <span class='ocrx_word' id='word_1_127' title='bbox 947 2566 1062 2632; x_wconf 79' lang='lat' dir='ltr'><strong>Sancti</strong></span> <span class='ocrx_word' id='word_1_128' title='bbox 1085 2568 1224 2634; x_wconf 86' lang='lat' dir='ltr'><strong>Martini</strong></span> <span class='ocrx_word' id='word_1_129' title='bbox 1246 2570 1289 2637; x_wconf 88' lang='lat' dir='ltr'><strong>de</strong></span> <span class='ocrx_word' id='word_1_130' title='bbox 1310 2572 1419 2637; x_wconf 86' lang='lat' dir='ltr'><strong>Auxi-</strong></span> 
     </span>
    </p>

    <p class='ocr_par' dir='ltr' id='par_1_9' title="bbox 369 2668 1418 2759">
     <span class='ocr_line' id='line_1_19' title="bbox 369 2668 1418 2759; baseline 0.005 -23"><span class='ocrx_word' id='word_1_131' title='bbox 369 2668 447 2743; x_wconf 79' lang='lat' dir='ltr'><strong>aco⁸</strong></span> <span class='ocrx_word' id='word_1_132' title='bbox 479 2671 590 2735; x_wconf 91' lang='lat' dir='ltr'><strong>decem</strong></span> <span class='ocrx_word' id='word_1_133' title='bbox 624 2691 758 2747; x_wconf 82' lang='lat' dir='ltr'><strong>marcas,</strong></span> <span class='ocrx_word' id='word_1_134' title='bbox 794 2674 829 2733; x_wconf 92' lang='lat' dir='ltr'><strong>et</strong></span> <span class='ocrx_word' id='word_1_135' title='bbox 861 2670 1059 2757; x_wconf 84' lang='lat' dir='ltr'><strong>episcopalia</strong></span> <span class='ocrx_word' id='word_1_136' title='bbox 1085 2671 1165 2757; x_wconf 87' lang='lat' dir='ltr'><strong>jura</strong></span> <span class='ocrx_word' id='word_1_137' title='bbox 1193 2673 1418 2759; x_wconf 88' lang='lat' dir='ltr'><strong>persolvendo.</strong></span> 
     </span>
    </p>

    <p class='ocr_par' dir='ltr' id='par_1_10' title="bbox 370 2770 1419 2858">
     <span class='ocr_line' id='line_1_20' title="bbox 370 2770 1419 2858; baseline 0.004 -20"><span class='ocrx_word' id='word_1_138' title='bbox 370 2773 435 2838; x_wconf 90' lang='lat' dir='ltr'><strong>Sed</strong></span> <span class='ocrx_word' id='word_1_139' title='bbox 457 2778 569 2838; x_wconf 84' lang='lat' dir='ltr'><strong>tamen</strong></span> <span class='ocrx_word' id='word_1_140' title='bbox 592 2770 715 2836; x_wconf 88' lang='lat' dir='ltr'><strong>dictam</strong></span> <span class='ocrx_word' id='word_1_141' title='bbox 739 2770 915 2849; x_wconf 86' lang='lat' dir='ltr'><strong>ecclesiam,</strong></span> <span class='ocrx_word' id='word_1_142' title='bbox 940 2772 1149 2839; x_wconf 87' lang='lat' dir='ltr'><strong>obstantibus</strong></span> <span class='ocrx_word' id='word_1_143' title='bbox 1171 2774 1287 2841; x_wconf 87' lang='lat' dir='ltr'><strong>multis</strong></span> <span class='ocrx_word' id='word_1_144' title='bbox 1302 2777 1419 2858; x_wconf 85' lang='lat' dir='ltr'><strong>causis,</strong></span> 
     </span>
    </p>
   </div>
   <div class='ocr_carea' id='block_1_3' title="bbox 98 2873 1420 3047">
    <p class='ocr_par' dir='ltr' id='par_1_11' title="bbox 98 2873 1420 3047">
     <span class='ocr_line' id='line_1_21' title="bbox 369 2873 1420 2967; baseline 0.006 -27"><span class='ocrx_word' id='word_1_145' title='bbox 369 2897 539 2960; x_wconf 89' lang='lat' dir='ltr'><strong>nunquam</strong></span> <span class='ocrx_word' id='word_1_146' title='bbox 576 2873 744 2962; x_wconf 91' lang='lat' dir='ltr'><strong>potuimus</strong></span> <span class='ocrx_word' id='word_1_147' title='bbox 785 2873 1016 2961; x_wconf 75' lang='lat' dir='ltr'><strong>appropriare.⁹</strong></span> <span class='ocrx_word' id='word_1_148' title='bbox 1076 2878 1251 2943; x_wconf 84' lang='lat' dir='ltr'><strong>Amandus</strong></span> <span class='ocrx_word' id='word_1_149' title='bbox 1288 2900 1420 2967; x_wconf 89' lang='lat' dir='ltr'><strong>quoquc</strong></span> 
     </span>
     <span class='ocr_line' id='line_1_22' title="bbox 98 2975 1418 3047; baseline 0.006 -8"><span class='ocrx_word' id='word_1_150' title='bbox 98 3034 101 3039; x_wconf 91' lang='lat'><strong>.</strong></span> <span class='ocrx_word' id='word_1_151' title='bbox 167 2982 315 3035; x_wconf 76' lang='lat' dir='ltr'><strong>-Suttoua</strong></span> <span class='ocrx_word' id='word_1_152' title='bbox 370 2979 458 3044; x_wconf 90' lang='lat' dir='ltr'><strong>filius</strong></span> <span class='ocrx_word' id='word_1_153' title='bbox 474 2976 644 3043; x_wconf 87' lang='lat' dir='ltr'><strong>Willielmi</strong></span> <span class='ocrx_word' id='word_1_154' title='bbox 659 2976 699 3042; x_wconf 91' lang='lat' dir='ltr'><strong>de</strong></span> <span class='ocrx_word' id='word_1_155' title='bbox 714 2975 858 3041; x_wconf 86' lang='lat' dir='ltr'><strong>Suttona</strong></span> <span class='ocrx_word' id='word_1_156' title='bbox 878 2975 1072 3041; x_wconf 87' lang='lat' dir='ltr'><strong>donationes</strong></span> <span class='ocrx_word' id='word_1_157' title='bbox 1088 2978 1296 3045; x_wconf 90' lang='lat' dir='ltr'><strong>dominorum</strong></span> <span class='ocrx_word' id='word_1_158' title='bbox 1312 2981 1418 3047; x_wconf 85' lang='lat' dir='ltr'><strong>Saieri</strong></span> 
     </span>
    </p>
   </div>
   <div class='ocr_carea' id='block_1_4' title="bbox 204 3060 1417 3181">
    <p class='ocr_par' dir='ltr' id='par_1_12' title="bbox 204 3060 1417 3181">
     <span class='ocr_line' id='line_1_23' title="bbox 204 3060 1417 3181; baseline 0.008 -40"><span class='ocrx_word' id='word_1_159' title='bbox 204 3060 340 3181; x_wconf 50' lang='lat' dir='ltr'><strong>mg</strong></span> <span class='ocrx_word' id='word_1_160' title='bbox 369 3087 403 3146; x_wconf 88' lang='lat' dir='ltr'><strong>et</strong></span> <span class='ocrx_word' id='word_1_161' title='bbox 418 3080 588 3146; x_wconf 89' lang='lat' dir='ltr'><strong>Willielmi</strong></span> <span class='ocrx_word' id='word_1_162' title='bbox 609 3080 649 3144; x_wconf 91' lang='lat' dir='ltr'><strong>de</strong></span> <span class='ocrx_word' id='word_1_163' title='bbox 666 3078 810 3144; x_wconf 89' lang='lat' dir='ltr'><strong>Suttona</strong></span> <span class='ocrx_word' id='word_1_164' title='bbox 821 3077 846 3114; x_wconf 91' lang='lat'><strong>¹⁰</strong></span> <span class='ocrx_word' id='word_1_165' title='bbox 868 3078 964 3143; x_wconf 88' lang='lat' dir='ltr'><strong>nobis</strong></span> <span class='ocrx_word' id='word_1_166' title='bbox 979 3080 1210 3163; x_wconf 85' lang='lat' dir='ltr'><strong>confirmavit;</strong></span> <span class='ocrx_word' id='word_1_167' title='bbox 1233 3088 1267 3147; x_wconf 89' lang='lat' dir='ltr'><strong>ct</strong></span> <span class='ocrx_word' id='word_1_168' title='bbox 1282 3083 1417 3172; x_wconf 82' lang='lat' dir='ltr'><strong>insuper</strong></span> 
     </span>
    </p>
   </div>
   <div class='ocr_carea' id='block_1_5' title="bbox 204 3181 1419 3780">
    <p class='ocr_par' dir='ltr' id='par_1_13' title="bbox 204 3181 1419 3780">
     <span class='ocr_line' id='line_1_24' title="bbox 204 3181 1419 3268; baseline 0.007 -23"><span class='ocrx_word' id='word_1_169' title='bbox 204 3196 356 3249; x_wconf 64' lang='lat' dir='ltr'><strong>dotatione</strong></span> <span class='ocrx_word' id='word_1_170' title='bbox 369 3185 462 3250; x_wconf 90' lang='lat' dir='ltr'><strong>dedit</strong></span> <span class='ocrx_word' id='word_1_171' title='bbox 484 3184 579 3248; x_wconf 92' lang='lat' dir='ltr'><strong>nobis</strong></span> <span class='ocrx_word' id='word_1_172' title='bbox 602 3181 776 3247; x_wconf 90' lang='lat' dir='ltr'><strong>dimidium</strong></span> <span class='ocrx_word' id='word_1_173' title='bbox 791 3181 901 3246; x_wconf 82' lang='lat' dir='ltr'><strong>exitus</strong></span> <span class='ocrx_word' id='word_1_174' title='bbox 917 3181 1020 3268; x_wconf 84' lang='lat' dir='ltr'><strong>ipsius</strong></span> <span class='ocrx_word' id='word_1_175' title='bbox 1042 3183 1100 3267; x_wconf 93' lang='lat' dir='ltr'><strong>qui</strong></span> <span class='ocrx_word' id='word_1_176' title='bbox 1122 3190 1261 3250; x_wconf 86' lang='lat' dir='ltr'><strong>vocatur</strong></span> <span class='ocrx_word' id='word_1_177' title='bbox 1276 3184 1308 3251; x_wconf 91' lang='lat' dir='ltr'><strong>le</strong></span> <span class='ocrx_word' id='word_1_178' title='bbox 1324 3187 1419 3253; x_wconf 82' lang='lat' dir='ltr'><strong>Owt-</strong></span> 
     </span>
     <span class='ocr_line' id='line_1_25' title="bbox 368 3280 1418 3374; baseline 0.004 -23"><span class='ocrx_word' id='word_1_179' title='bbox 368 3309 483 3374; x_wconf 79' lang='lat' dir='ltr'><strong>gange,</strong></span> <span class='ocrx_word' id='word_1_180' title='bbox 505 3293 544 3351; x_wconf 92' lang='lat' dir='ltr'><strong>ut</strong></span> <span class='ocrx_word' id='word_1_181' title='bbox 567 3286 745 3350; x_wconf 87' lang='lat' dir='ltr'><strong>habeamus</strong></span> <span class='ocrx_word' id='word_1_182' title='bbox 767 3283 887 3348; x_wconf 89' lang='lat' dir='ltr'><strong>liberos</strong></span> <span class='ocrx_word' id='word_1_183' title='bbox 909 3280 1146 3372; x_wconf 76' lang='lat' dir='ltr'><strong>ingressus&#39;per</strong></span> <span class='ocrx_word' id='word_1_184' title='bbox 1168 3309 1244 3352; x_wconf 90' lang='lat' dir='ltr'><strong>eum</strong></span> <span class='ocrx_word' id='word_1_185' title='bbox 1266 3289 1418 3355; x_wconf 85' lang='lat' dir='ltr'><strong>animan-</strong></span> 
     </span>
     <span class='ocr_line' id='line_1_26' title="bbox 369 3387 1418 3478; baseline 0.003 -24"><span class='ocrx_word' id='word_1_186' title='bbox 369 3391 460 3455; x_wconf 91' lang='lat' dir='ltr'><strong>tibus</strong></span> <span class='ocrx_word' id='word_1_187' title='bbox 498 3388 619 3453; x_wconf 88' lang='lat' dir='ltr'><strong>nostris</strong></span> <span class='ocrx_word' id='word_1_188' title='bbox 656 3392 691 3452; x_wconf 87' lang='lat' dir='ltr'><strong>et</strong></span> <span class='ocrx_word' id='word_1_189' title='bbox 728 3407 882 3473; x_wconf 78' lang='lat' dir='ltr'><strong>egressus,</strong></span> <span class='ocrx_word' id='word_1_190' title='bbox 937 3387 982 3451; x_wconf 84' lang='lat' dir='ltr'><strong>Et</strong></span> <span class='ocrx_word' id='word_1_191' title='bbox 1015 3388 1044 3451; x_wconf 87' lang='lat' dir='ltr'><strong>si</strong></span> <span class='ocrx_word' id='word_1_192' title='bbox 1079 3389 1275 3476; x_wconf 85' lang='lat' dir='ltr'><strong>quandoque</strong></span> <span class='ocrx_word' id='word_1_193' title='bbox 1307 3392 1418 3478; x_wconf 88' lang='lat' dir='ltr'><strong>ipsum</strong></span> 
     </span>
     <span class='ocr_line' id='line_1_27' title="bbox 370 3488 1418 3579; baseline 0.005 -23"><span class='ocrx_word' id='word_1_194' title='bbox 370 3492 554 3576; x_wconf 82' lang='lat' dir='ltr'><strong>Owtgange</strong></span> <span class='ocrx_word' id='word_1_195' title='bbox 570 3493 726 3554; x_wconf 86' lang='lat' dir='ltr'><strong>cresceret</strong></span> <span class='ocrx_word' id='word_1_196' title='bbox 748 3488 784 3551; x_wconf 88' lang='lat' dir='ltr'><strong>in</strong></span> <span class='ocrx_word' id='word_1_197' title='bbox 806 3493 948 3575; x_wconf 87' lang='lat' dir='ltr'><strong>pratum,</strong></span> <span class='ocrx_word' id='word_1_198' title='bbox 965 3489 1175 3555; x_wconf 86' lang='lat' dir='ltr'><strong>medietatem</strong></span> <span class='ocrx_word' id='word_1_199' title='bbox 1187 3490 1208 3527; x_wconf 88' lang='lat'><strong>¹¹</strong></span> <span class='ocrx_word' id='word_1_200' title='bbox 1227 3501 1418 3579; x_wconf 87' lang='lat' dir='ltr'><strong>proventus,</strong></span> 
     </span>
     <span class='ocr_line' id='line_1_28' title="bbox 369 3588 1416 3678; baseline 0.006 -21"><span class='ocrx_word' id='word_1_201' title='bbox 369 3594 438 3658; x_wconf 89' lang='lat' dir='ltr'><strong>sive</strong></span> <span class='ocrx_word' id='word_1_202' title='bbox 453 3593 562 3656; x_wconf 74' lang='lat' dir='ltr'><strong>herbae</strong></span> <span class='ocrx_word' id='word_1_203' title='bbox 585 3591 656 3654; x_wconf 87' lang='lat' dir='ltr'><strong>sivo</strong></span> <span class='ocrx_word' id='word_1_204' title='bbox 671 3590 762 3669; x_wconf 88' lang='lat' dir='ltr'><strong>foeni,</strong></span> <span class='ocrx_word' id='word_1_205' title='bbox 778 3592 835 3676; x_wconf 91' lang='lat' dir='ltr'><strong>qui</strong></span> <span class='ocrx_word' id='word_1_206' title='bbox 847 3588 869 3627; x_wconf 68' lang='lat'><strong>¹2</strong></span> <span class='ocrx_word' id='word_1_207' title='bbox 892 3590 969 3655; x_wconf 88' lang='lat' dir='ltr'><strong>inde</strong></span> <span class='ocrx_word' id='word_1_208' title='bbox 992 3593 1190 3678; x_wconf 89' lang='lat' dir='ltr'><strong>proveniret,</strong></span> <span class='ocrx_word' id='word_1_209' title='bbox 1212 3595 1416 3663; x_wconf 87' lang='lat' dir='ltr'><strong>haberemus.</strong></span> 
     </span>
     <span class='ocr_line' id='line_1_29' title="bbox 370 3690 1419 3780; baseline 0.006 -20"><span class='ocrx_word' id='word_1_210' title='bbox 370 3695 472 3760; x_wconf 90' lang='lat' dir='ltr'><strong>Dedit</strong></span> <span class='ocrx_word' id='word_1_211' title='bbox 505 3694 604 3758; x_wconf 88' lang='lat' dir='ltr'><strong>etiam</strong></span> <span class='ocrx_word' id='word_1_212' title='bbox 637 3692 732 3758; x_wconf 91' lang='lat' dir='ltr'><strong>nobis</strong></span> <span class='ocrx_word' id='word_1_213' title='bbox 743 3690 769 3728; x_wconf 84' lang='lat'><strong>¹⁸</strong></span> <span class='ocrx_word' id='word_1_214' title='bbox 800 3693 892 3759; x_wconf 86' lang='lat' dir='ltr'><strong>xxiv.</strong></span> <span class='ocrx_word' id='word_1_215' title='bbox 925 3714 1017 3759; x_wconf 82' lang='lat' dir='ltr'><strong>acras</strong></span> <span class='ocrx_word' id='word_1_216' title='bbox 1047 3695 1146 3780; x_wconf 85' lang='lat' dir='ltr'><strong>prati,</strong></span> <span class='ocrx_word' id='word_1_217' title='bbox 1177 3696 1330 3764; x_wconf 86' lang='lat' dir='ltr'><strong>videlicet</strong></span> <span class='ocrx_word' id='word_1_218' title='bbox 1360 3699 1419 3765; x_wconf 83' lang='lat' dir='ltr'><strong>xii.</strong></span> 
     </span>
    </p>
   </div>
   <div class='ocr_carea' id='block_1_6' title="bbox 369 4012 1419 4720">
    <p class='ocr_par' dir='ltr' id='par_1_14' title="bbox 369 4012 1419 4720">
     <span class='ocr_line' id='line_1_30' title="bbox 402 4012 1419 4084; baseline 0.004 -19"><span class='ocrx_word' id='word_1_219' title='bbox 402 4023 472 4084; x_wconf 86' lang='lat' dir='ltr'><strong>¹pro</strong></span> <span class='ocrx_word' id='word_1_220' title='bbox 490 4055 496 4069; x_wconf 94' lang='lat'><strong>.</strong></span> <span class='ocrx_word' id='word_1_221' title='bbox 516 4054 522 4067; x_wconf 96' lang='lat'><strong>.</strong></span> <span class='ocrx_word' id='word_1_222' title='bbox 540 4053 546 4066; x_wconf 94' lang='lat'><strong>.</strong></span> <span class='ocrx_word' id='word_1_223' title='bbox 564 4016 657 4080; x_wconf 79' lang='lat' dir='ltr'><strong>nostro]</strong></span> <span class='ocrx_word' id='word_1_224' title='bbox 688 4013 890 4065; x_wconf 79' lang='lat' dir='ltr'><strong>monasterium!</strong></span> <span class='ocrx_word' id='word_1_225' title='bbox 943 4012 1045 4064; x_wconf 62' lang='lat' dir='ltr'><strong>”Aser</strong></span> <span class='ocrx_word' id='word_1_226' title='bbox 1055 4014 1170 4065; x_wconf 71' lang='lat' dir='ltr'><strong>Actiaco</strong></span> <span class='ocrx_word' id='word_1_227' title='bbox 1182 4016 1268 4081; x_wconf 79' lang='lat' dir='ltr'><strong>insert,</strong></span> <span class='ocrx_word' id='word_1_228' title='bbox 1280 4033 1358 4084; x_wconf 77' lang='lat' dir='ltr'><strong>prope</strong></span> <span class='ocrx_word' id='word_1_229' title='bbox 1370 4020 1419 4073; x_wconf 80' lang='lat' dir='ltr'><strong>Al·</strong></span> 
     </span>
     <span class='ocr_line' id='line_1_31' title="bbox 369 4078 1106 4157; baseline -0.005 -7"><span class='ocrx_word' id='word_1_230' title='bbox 369 4108 491 4157; x_wconf 86' lang='lat' dir='ltr'><strong>nostrum,</strong></span> <span class='ocrx_word' id='word_1_231' title='bbox 504 4097 535 4147; x_wconf 93' lang='lat' dir='ltr'><strong>P.</strong></span> <span class='ocrx_word' id='word_1_232' title='bbox 888 4078 890 4117; x_wconf 35' lang='grc' dir='ltr'>ἔ</span> <span class='ocrx_word' id='word_1_233' title='bbox 911 4096 1064 4156; x_wconf 82' lang='lat' dir='ltr'><strong>bcmarfinm,</strong></span> <span class='ocrx_word' id='word_1_234' title='bbox 1077 4096 1106 4146; x_wconf 89' lang='lat' dir='ltr'><strong>P.</strong></span> 
     </span>
     <span class='ocr_line' id='line_1_32' title="bbox 400 4174 1414 4277; baseline 0.001 -50"><span class='ocrx_word' id='word_1_235' title='bbox 400 4183 410 4210; x_wconf 90' lang='lat'><strong>&#39;·&#39;</strong></span> <span class='ocrx_word' id='word_1_236' title='bbox 428 4177 571 4241; x_wconf 81' lang='lat' dir='ltr'><strong>teneremur]</strong></span> <span class='ocrx_word' id='word_1_237' title='bbox 592 4184 723 4231; x_wconf 83' lang='lat' dir='ltr'><strong>teneretur,</strong></span> <span class='ocrx_word' id='word_1_238' title='bbox 735 4174 765 4222; x_wconf 80' lang='lat' dir='ltr'><strong>P.</strong></span> <span class='ocrx_word' id='word_1_239' title='bbox 888 4178 891 4277; x_wconf 60' lang='grc' dir='ltr'>ι</span> <span class='ocrx_word' id='word_1_240' title='bbox 944 4176 1089 4238; x_wconf 75' lang='lat' dir='ltr'><strong>⁹p0aimas</strong></span> <span class='ocrx_word' id='word_1_241' title='bbox 1107 4179 1284 4245; x_wconf 79' lang='lat' dir='ltr'><strong>appropriare]</strong></span> <span class='ocrx_word' id='word_1_242' title='bbox 1314 4190 1414 4244; x_wconf 77' lang='lat' dir='ltr'><strong>potera·</strong></span> 
     </span>
     <span class='ocr_line' id='line_1_33' title="bbox 402 4252 1140 4319; baseline 0 -13"><span class='ocrx_word' id='word_1_243' title='bbox 402 4260 541 4307; x_wconf 68' lang='lat' dir='ltr'><strong>³imoueues</strong></span> <span class='ocrx_word' id='word_1_244' title='bbox 567 4291 598 4306; x_wconf 94' lang='lat'><strong>..</strong></span> <span class='ocrx_word' id='word_1_245' title='bbox 624 4290 630 4304; x_wconf 91' lang='lat'><strong>.</strong></span> <span class='ocrx_word' id='word_1_246' title='bbox 654 4252 772 4319; x_wconf 73' lang='lat' dir='ltr'><strong>absoluta]</strong></span> <span class='ocrx_word' id='word_1_247' title='bbox 802 4261 868 4303; x_wconf 85' lang='lat' dir='ltr'><strong>essct</strong></span> <span class='ocrx_word' id='word_1_248' title='bbox 888 4290 891 4315; x_wconf 90' lang='grc'>,</span> <span class='ocrx_word' id='word_1_249' title='bbox 912 4254 1140 4317; x_wconf 87' lang='lat' dir='ltr'><strong>musobtinere,1.</strong></span> 
     </span>
     <span class='ocr_line' id='line_1_34' title="bbox 370 4326 1414 4401; baseline 0.004 -12"><span class='ocrx_word' id='word_1_250' title='bbox 370 4341 481 4389; x_wconf 85' lang='lat' dir='ltr'><strong>immune</strong></span> <span class='ocrx_word' id='word_1_251' title='bbox 491 4336 590 4401; x_wconf 82' lang='lat' dir='ltr'><strong>penitus</strong></span> <span class='ocrx_word' id='word_1_252' title='bbox 602 4342 628 4384; x_wconf 86' lang='lat' dir='ltr'><strong>ct</strong></span> <span class='ocrx_word' id='word_1_253' title='bbox 639 4334 789 4393; x_wconf 82' lang='lat' dir='ltr'><strong>absolutum,</strong></span> <span class='ocrx_word' id='word_1_254' title='bbox 802 4333 831 4382; x_wconf 86' lang='lat' dir='ltr'><strong>P.</strong></span> <span class='ocrx_word' id='word_1_255' title='bbox 888 4326 891 4381; x_wconf 76' lang='lat' dir='ltr'><strong>i</strong></span> <span class='ocrx_word' id='word_1_256' title='bbox 945 4334 965 4362; x_wconf 85' lang='lat'><strong>¹⁰</strong></span> <span class='ocrx_word' id='word_1_257' title='bbox 981 4333 1058 4383; x_wconf 81' lang='lat' dir='ltr'><strong>After</strong></span> <span class='ocrx_word' id='word_1_258' title='bbox 1079 4334 1185 4386; x_wconf 81' lang='lat' dir='ltr'><strong>Suttona</strong></span> <span class='ocrx_word' id='word_1_259' title='bbox 1205 4338 1290 4401; x_wconf 85' lang='lat' dir='ltr'><strong>insert,</strong></span> <span class='ocrx_word' id='word_1_260' title='bbox 1302 4348 1414 4395; x_wconf 80' lang='lat' dir='ltr'><strong>anteces-</strong></span> 
     </span>
     <span class='ocr_line' id='line_1_35' title="bbox 401 4402 1159 4483; baseline -0.003 -17"><span class='ocrx_word' id='word_1_261' title='bbox 401 4421 409 4448; x_wconf 80' lang='lat'>¹</span> <span class='ocrx_word' id='word_1_262' title='bbox 419 4417 489 4483; x_wconf 77' lang='lat' dir='ltr'><strong>suit]</strong></span> <span class='ocrx_word' id='word_1_263' title='bbox 508 4417 589 4465; x_wconf 84' lang='lat' dir='ltr'><strong>fuerat</strong></span> <span class='ocrx_word' id='word_1_264' title='bbox 600 4402 708 4478; x_wconf 83' lang='lat' dir='ltr'><strong>penitus,</strong></span> <span class='ocrx_word' id='word_1_265' title='bbox 720 4413 750 4461; x_wconf 92' lang='lat' dir='ltr'><strong>P.</strong></span> <span class='ocrx_word' id='word_1_266' title='bbox 888 4414 891 4435; x_wconf 88' lang='lat'><strong>¹</strong></span> <span class='ocrx_word' id='word_1_267' title='bbox 912 4426 996 4461; x_wconf 85' lang='lat' dir='ltr'><strong>sorum</strong></span> <span class='ocrx_word' id='word_1_268' title='bbox 1006 4407 1117 4473; x_wconf 82' lang='lat' dir='ltr'><strong>suorum,</strong></span> <span class='ocrx_word' id='word_1_269' title='bbox 1130 4416 1159 4465; x_wconf 90' lang='lat' dir='ltr'><strong>P.</strong></span> 
     </span>
     <span class='ocr_line' id='line_1_36' title="bbox 400 4466 1339 4563; baseline -0.003 -16"><span class='ocrx_word' id='word_1_270' title='bbox 400 4501 410 4527; x_wconf 74' lang='lat'>⁵</span> <span class='ocrx_word' id='word_1_271' title='bbox 423 4497 533 4563; x_wconf 79' lang='lat' dir='ltr'><strong>penitus]</strong></span> <span class='ocrx_word' id='word_1_272' title='bbox 553 4493 667 4556; x_wconf 77' lang='lat' dir='ltr'><strong>wanting</strong></span> <span class='ocrx_word' id='word_1_273' title='bbox 678 4492 704 4540; x_wconf 90' lang='lat' dir='ltr'><strong>in</strong></span> <span class='ocrx_word' id='word_1_274' title='bbox 716 4492 745 4539; x_wconf 91' lang='lat' dir='ltr'><strong>P.</strong></span> <span class='ocrx_word' id='word_1_275' title='bbox 889 4466 891 4517; x_wconf 74' lang='grc' dir='ltr'>Ι</span> <span class='ocrx_word' id='word_1_276' title='bbox 947 4493 962 4520; x_wconf 88' lang='lat'><strong>¹¹</strong></span> <span class='ocrx_word' id='word_1_277' title='bbox 982 4491 1141 4558; x_wconf 81' lang='lat' dir='ltr'><strong>medictatem]</strong></span> <span class='ocrx_word' id='word_1_278' title='bbox 1160 4494 1298 4559; x_wconf 79' lang='lat' dir='ltr'><strong>dimidium,</strong></span> <span class='ocrx_word' id='word_1_279' title='bbox 1310 4500 1339 4550; x_wconf 87' lang='lat' dir='ltr'><strong>P.</strong></span> 
     </span>
     <span class='ocr_line' id='line_1_37' title="bbox 400 4572 1324 4641; baseline 0.001 -15"><span class='ocrx_word' id='word_1_280' title='bbox 400 4583 409 4608; x_wconf 77' lang='lat'><strong>‘¹</strong></span> <span class='ocrx_word' id='word_1_281' title='bbox 427 4575 530 4641; x_wconf 78' lang='lat' dir='ltr'><strong>Postea]</strong></span> <span class='ocrx_word' id='word_1_282' title='bbox 549 4575 664 4624; x_wconf 84' lang='lat' dir='ltr'><strong>Tandem</strong></span> <span class='ocrx_word' id='word_1_283' title='bbox 674 4578 767 4633; x_wconf 86' lang='lat' dir='ltr'><strong>tamen,</strong></span> <span class='ocrx_word' id='word_1_284' title='bbox 778 4572 807 4620; x_wconf 82' lang='grc' dir='ltr'><strong>Ρ.</strong></span> <span class='ocrx_word' id='word_1_285' title='bbox 947 4573 965 4601; x_wconf 73' lang='lat'><strong>¹²</strong></span> <span class='ocrx_word' id='word_1_286' title='bbox 981 4572 1037 4635; x_wconf 82' lang='lat' dir='ltr'><strong>qni]</strong></span> <span class='ocrx_word' id='word_1_287' title='bbox 1057 4576 1124 4636; x_wconf 90' lang='lat' dir='ltr'><strong>quod</strong></span> <span class='ocrx_word' id='word_1_288' title='bbox 1136 4574 1162 4622; x_wconf 94' lang='lat' dir='ltr'><strong>in</strong></span> <span class='ocrx_word' id='word_1_289' title='bbox 1174 4576 1235 4624; x_wconf 90' lang='lat' dir='ltr'><strong>both</strong></span> <span class='ocrx_word' id='word_1_290' title='bbox 1248 4577 1324 4630; x_wconf 84' lang='lat' dir='ltr'><strong>MSS.</strong></span> 
     </span>
     <span class='ocr_line' id='line_1_38' title="bbox 401 4650 1397 4720; baseline 0.004 -15"><span class='ocrx_word' id='word_1_291' title='bbox 401 4662 409 4687; x_wconf 83' lang='lat'>⁷</span> <span class='ocrx_word' id='word_1_292' title='bbox 426 4654 541 4720; x_wconf 80' lang='lat' dir='ltr'><strong>obtinuit]</strong></span> <span class='ocrx_word' id='word_1_293' title='bbox 561 4653 694 4713; x_wconf 85' lang='lat' dir='ltr'><strong>obtinebat,</strong></span> <span class='ocrx_word' id='word_1_294' title='bbox 706 4651 735 4700; x_wconf 92' lang='lat' dir='ltr'><strong>P.</strong></span> <span class='ocrx_word' id='word_1_295' title='bbox 946 4652 964 4680; x_wconf 77' lang='lat'><strong>¹³</strong></span> <span class='ocrx_word' id='word_1_296' title='bbox 982 4650 1082 4704; x_wconf 80' lang='lat' dir='ltr'><strong>Dedit.</strong></span> <span class='ocrx_word' id='word_1_297' title='bbox 1101 4690 1107 4702; x_wconf 89' lang='lat'><strong>.</strong></span> <span class='ocrx_word' id='word_1_298' title='bbox 1125 4652 1205 4720; x_wconf 79' lang='lat' dir='ltr'><strong>nobis]</strong></span> <span class='ocrx_word' id='word_1_299' title='bbox 1225 4656 1355 4719; x_wconf 73' lang='lat' dir='ltr'><strong>Ezetium,</strong></span> <span class='ocrx_word' id='word_1_300' title='bbox 1368 4658 1397 4710; x_wconf 87' lang='lat' dir='ltr'><strong>P.</strong></span> 
     </span>
    </p>
   </div>
   <div class='ocr_carea' id='block_1_7' title="bbox 0 0 1632 5692">
    <p class='ocr_par' dir='ltr' id='par_1_15' title="bbox 0 0 1632 5692">
     <span class='ocr_line' id='line_1_39' title="bbox 0 0 1632 5692; baseline 0 1"><span class='ocrx_word' id='word_1_301' title='bbox 0 0 1632 5692; x_wconf 95' lang='lat' dir='ltr'><strong> </strong></span> 
     </span>
    </p>
   </div>
  </div>
 </body>
</html>
