3232 5692
491 781 705 835 munuum
726 780 836 834 sums
858 781 1027 846 sumnus.
1222 767 1288 836 299

233 958 358 1027 vacua¹
383 959 457 1039 fuit,
480 966 515 1026 et
537 959 610 1038 etia,
633 964 781 1049 tempora
803 958 974 1027 Willielmi
996 959 1127 1026 abbatis
1150 956 1194 1041 93
1216 979 1291 1045 quae
1304 958 1371 1013 ΑΒ.
1385 963 1448 1014 nat

234 1063 342 1130 adhue
364 1065 472 1143 durat,
494 1061 678 1130 reformata
1301 1030 1392 1080 ⁴²¹⁰·

236 1391 296 1458 VI.
319 1389 370 1456 Da
393 1388 493 1456 aaa
508 1386 687 1476 acquisitis
702 1387 746 1454 ia
766 1384 920 1473 Waydau
935 1386 988 1453 οι*
1002 1385 1159 1468 Sattoau,
1175 1392 1205 1453 et
1228 1382 1289 1452 ὥθ’

379 1499 530 1579 pastura
553 1491 597 1559 ia
622 1491 651 1559 te
682 1489 861 1559 Wastkeiia
885 1489 926 1556 de
954 1490 1110 1559 Sestiana.

283 1653 337 1733 Et,
368 1653 448 1717 dum
484 1652 556 1718 haea
587 1657 773 1739 agerentur,
809 1650 970 1717 Osbertus
1001 1651 1091 1717 filius
1125 1649 1217 1716 Petri
1251 1651 1432 1729 deWaghna

238 1756 391 1842 Waghna
413 1755 551 1821 senioris
585 1777 644 1842 per
675 1755 822 1820 dinamus
857 1759 964 1820 cartas
998 1759 1033 1819 et
1064 1751 1174 1819 vices⁵
1196 1754 1291 1820 dedit
1305 1741 1460 1870 gamm

238 1859 333 1924 nobis
367 1880 469 1922 unam
502 1858 662 1923 bovatam
694 1861 792 1922 terrae
826 1861 860 1922 et
892 1878 997 1921 unum
1032 1855 1154 1922 toftum
1186 1856 1292 1923 eidem
1304 1875 1392 1925 aanor

238 1961 416 2048 pertinens,
453 1982 555 2025 unam
588 1981 779 2025 mansuram
812 1964 847 2025 et
882 1980 987 2025 unum
1019 1959 1187 2025 hominem
1218 1982 1293 2026 cum
1305 1941 1433 2074 {QZ}

240 2064 352 2129 liberis
374 2063 442 2128 suis
469 2062 595 2128 dictam
629 2085 820 2127 mansuram
854 2067 1036 2143 tenentem,
1059 2085 1164 2128 unum
1186 2063 1293 2130 sellio-

240 2189 317 2232 nem
340 2172 374 2232 et
396 2167 479 2233 duas
502 2167 659 2243 culturae,
674 2171 708 2231 et
723 2187 844 2252 aquam
868 2187 943 2251 quae
965 2170 1045 2231 tunc
1059 2165 1184 2232 ibidem
1199 2188 1294 2232 voea-

241 2270 341 2334 batur
363 2264 618 2348 Thomefleet;⁰
640 2267 699 2332 sed
722 2289 797 2354 quae
819 2267 922 2334 fuerit
951 2267 1025 2353 ipsa
1053 2289 1141 2353 aqua
1163 2269 1296 2355 penitus
1347 2313 1349 2317 -

242 2369 436 2458 ignoratur.⁷
483 2371 559 2456 Ipse
592 2374 706 2435 autem
739 2367 901 2434 Osbertus
923 2368 1042 2436 dedit⁸
1065 2369 1211 2456 capitulo
1233 2370 1296 2436 Be-

241 2475 365 2555 verlaei
388 2472 606 2538 ⁹tenementa
628 2494 703 2557 qum
727 2471 964 2558 acquisivimus
986 2473 1028 2537 da
1051 2472 1194 2559 Hugone
1216 2471 1296 2538 Por-

243 2583 313 2642 tare
334 2581 369 2641 et
396 2575 541 2641 Isabella
571 2595 675 2639 uxore
706 2596 774 2640 sua.
821 2573 928 2639 Dedit
962 2575 1065 2640 etiam
1098 2574 1298 2640 monialibus

244 2680 285 2744 de
308 2678 461 2765 Kyllyng
483 2680 676 2743 tenementa
696 2698 770 2763 quaa
792 2681 911 2742 tenent
933 2677 1099 2758 ibidem;⁹
1123 2683 1158 2742 et
1180 2678 1298 2764 genuit

246 2783 381 2847 Petrum
404 2779 461 2867 qui
486 2780 576 2866 apud
610 2800 671 2844 nos
703 2777 791 2845 obiit
823 2779 1012 2861 monachus,
1036 2786 1071 2846 et
1101 2779 1242 2845 Elenam
1264 2785 1299 2845 et

249 2885 381 2950 Inetam
416 2903 543 2947 sorores
577 2882 734 2967 ejusdem,
758 2882 800 2946 de
834 2883 954 2968 quibus
987 2888 1102 2969 postea
1131 2882 1298 2948 referetur.

249 2985 315 3050 Sed
346 2991 381 3050 et
420 2982 581 3049 Osbertus
622 2984 663 3049 de
698 2984 911 3049 Frismarisco
943 2984 1037 3051 dedit
1067 2985 1163 3051 nobis
1194 3006 1298 3051 unum

248 3087 369 3152 tostum
403 3087 439 3151 in
472 3084 588 3151 eadem
613 3084 702 3149 villa
748 3084 923 3150 Amandus
945 3087 1032 3152 filius
1055 3087 1226 3154 Willielmi
1258 3087 1298 3153 de
1311 3101 1424 3153 sautans.

247 3190 400 3264 Suttona,
417 3189 454 3252 in
475 3187 595 3252 ultimo
618 3208 678 3252 suo
700 3191 857 3274 tempore,
880 3209 1014 3254 assensu
1037 3193 1071 3255 et
1092 3189 1298 3277 beneplacito
1312 3183 1464 3236 Gmntnom

248 3291 353 3357 sasai
376 3289 438 3354 fiai
470 3293 505 3354 a
538 3288 668 3355 heredis
702 3288 763 3367 sui,
795 3289 914 3356 neuim
946 3291 1042 3357 noba
1073 3292 1230 3379 quaqua
1262 3251 1452 3369 suffit*

283 3577 289 3606 ¹
308 3574 399 3639 numa]
417 3581 531 3634 vacuata,
541 3572 571 3622 P.
800 3580 825 3624 et
844 3588 961 3638 praeessu
979 3574 1097 3639 temporis
1115 3575 1193 3626 oblito
1212 3592 1228 3627 s
1249 3576 1300 3627 uin·

280 3659 410 3719 ttempore
426 3690 433 3704 .
452 3689 459 3703 .
477 3689 484 3703 .
503 3652 532 3718 9]
552 3651 667 3716 wanting
680 3651 749 3701 inP.
798 3654 874 3718 gulis,
902 3654 958 3704 solo
992 3655 1095 3705 nornine
1122 3654 1186 3706 Hnll
1204 3671 1301 3707 nuncu·

249 3734 566 3797 Tlrewordsfrompostea
584 3737 610 3780 to
625 3729 759 3785 ataine.
800 3741 882 3798 patur.
923 3733 998 3784 Then
1018 3734 1124 3796 follows,
1146 3743 1191 3787 not
1206 3737 1301 3797 erased,

250 3831 292 3866 nre
304 3815 402 3863 written
415 3827 475 3862 over
486 3827 518 3861 nn
530 3825 632 3860 erasure
643 3810 671 3859 in
682 3810 713 3860 u.
800 3813 887 3874 Dedit,
904 3819 932 3864 ut
947 3811 1100 3878 predicitur,
1115 3813 1167 3879 ipse
1181 3813 1301 3866 orbertus

202 3942 205 3949 ,
283 3894 385 3943 gAfter
395 3899 418 3942 et
429 3892 507 3941 insert
517 3889 553 3951 in,
565 3889 594 3940 P.
801 3891 880 3956 ipsum
898 3907 989 3957 aquam
1006 3907 1085 3957 usque
1101 3893 1134 3944 ud
1150 3893 1222 3944 filum
1235 3895 1300 3958 ejus·

285 3977 352 4043 ‘de]
366 3972 560 4041 wantinginP.
802 3975 858 4023 dem
868 3973 895 4022 in
903 3972 1000 4023 directo
1011 3980 1173 4038 utrarumque
1190 3974 1301 4038 ipsarum

285 4061 294 4087 ⁵
312 4065 335 4107 et
346 4055 422 4120 vices]
442 4053 556 4118 vnnfing
567 4052 594 4102 in
605 4051 636 4101 Ρ.
802 4053 965 4112 culturarum,
982 4058 1008 4103 et
1023 4051 1115 4102 iterum
1128 4069 1207 4103 unnm
1217 4055 1301 4105 locum

285 4130 753 4198 “Thefollowingwasuddedinthe
802 4133 834 4181 nd
864 4129 1008 4196 piscariam,
1032 4146 1111 4196 nsque
1131 4133 1164 4182 ad
1191 4133 1301 4184 medinm

253 4216 379 4279 Phillipps
407 4213 472 4273 MS„
500 4213 546 4262 but
574 4210 753 4275 subsequently
801 4225 872 4275 aqua
894 4209 1052 4275 supradicta.

252 4297 359 4347 erased:
376 4294 450 4343 Nunc
467 4299 550 4342 summ
568 4290 632 4340 Hull
651 4290 752 4340 dieitur.
835 4291 843 4317 ⁷
871 4287 915 4338 aed
936 4325 942 4338 .
963 4325 970 4338 .
991 4325 998 4339 .
1021 4288 1160 4356 iquoratur]
1189 4291 1302 4359 wanting

253 4377 319 4426 Nam
341 4381 401 4423 tunc
419 4373 473 4436 ipsa
492 4385 557 4435 sque
574 4370 639 4420 inter
656 4368 753 4434 Wugh-
801 4368 870 4418 inP.

254 4471 312 4505 nam
332 4460 358 4503 et
374 4450 535 4502 Thorenbins
551 4448 594 4500 vie
612 4456 674 4511 erat,
693 4455 753 4499 eta
834 4446 938 4514 'dediq
952 4449 1061 4511 dederat,
1072 4449 1102 4500 P.

181 4576 182 4580 ,
255 4534 403 4600 quibusdam
425 4529 489 4579 Hull
508 4535 534 4579 et
549 4529 582 4578 ab
604 4527 661 4578 aliis
683 4528 752 4579 Tha-
834 4530 994 4579 'tenemento
1010 4563 1018 4578 .
1036 4565 1043 4579 .
1060 4565 1067 4580 .
1085 4529 1183 4597 ibidem]
1203 4530 1247 4582 illa
1263 4538 1301 4583 te·

191 4643 194 4647 ν
256 4612 361 4664 rendeet
381 4609 519 4660 dicebatur.
563 4606 639 4658 Nune
660 4613 752 4670 eutem,
801 4614 984 4672 nemeamque
1000 4615 1117 4662 tenentur
1127 4610 1159 4662 de
1169 4610 1242 4662 feodo
1255 4626 1301 4661 sno

256 4692 349 4744 omisso
364 4689 419 4756 ipso
435 4686 754 4741 nominede'l'herenfleet
799 4686 965 4753 iuungam,
975 4686 1006 4740 P.
