3232 5692
323 767 386 841 1'62
585 785 770 837 parmenus
792 783 899 835 ausas
920 784 1106 836 amuranus

154 974 223 1025 Am.
236 978 301 1024 noo
321 984 407 1043 nam,
443 963 486 1028 ad
518 961 690 1049 praefatam
723 959 951 1046 probationem
984 958 1166 1024 faciendam
1201 959 1242 1024 de
1280 958 1369 1023 dicta

151 1048 246 1174 {¹23²
321 1067 458 1131 dimidia
480 1071 631 1130 carucata
665 1061 785 1141 terrae‚¹
811 1085 885 1127 cum
916 1063 1024 1127 dictus
1055 1063 1219 1128 Ernaldus
1241 1062 1368 1126 videret

320 1169 452 1244 milites,
475 1168 576 1232 allato
594 1167 665 1252 jam
688 1165 771 1230 libro
803 1165 838 1229 in
872 1164 1025 1240 medium,
1048 1167 1090 1230 ad
1112 1165 1294 1230 faciendum
1318 1186 1367 1228 sa·

321 1276 526 1336 crementum
548 1276 688 1356 paratos,
713 1269 816 1354 ipsam
839 1273 960 1332 terram
983 1268 1078 1332 nobis
1112 1269 1288 1333 relaxando
1320 1268 1367 1330 di·

321 1373 437 1450 rnisit,2
460 1374 553 1459 quasi
572 1373 800 1457 juramentum
832 1371 1043 1458 corporaliter
1074 1371 1258 1437 exhibitum
1281 1392 1369 1435 accc·

321 1478 430 1564 pisset.
478 1476 523 1541 Et
557 1475 630 1540 ideo
665 1495 726 1539 nos
756 1474 868 1539 decern
895 1473 1015 1538 solidos
1038 1474 1144 1540 eidem
1166 1474 1367 1540 dederamus.

322 1578 422 1644 Unde
454 1579 562 1644 dictus
595 1575 760 1642 Ernaldus
791 1574 984 1662 praefatam³
1007 1582 1192 1642 carucatam
1213 1583 1311 1641 cena
1333 1581 1368 1641 et

322 1680 503 1760 dimidiam,
526 1701 607 1767 quas
642 1701 683 1744 ex
716 1678 891 1744 donatione
917 1678 997 1746 dicti
1028 1678 1121 1744 Isaac
1150 1679 1293 1744 hominis
1316 1678 1366 1743 sui

323 1783 531 1862 habebamus,
555 1782 648 1847 nobis
672 1781 899 1861 confirmavit3
923 1783 971 1847 ita
994 1786 1106 1846 tamen
1128 1781 1217 1869 quod
1240 1782 1367 1846 salvum

322 1883 427 1952 foret⁴
450 1886 623 1951 servitium
645 1906 741 1949 suum
757 1889 791 1949 et
807 1883 964 1948 heredum
986 1906 1119 1949 suorum
1141 1907 1219 1972 erga
1241 1885 1366 1950 dictum

155 1988 415 2074 Anflbrthelsaac
434 1995 469 2054 et
484 1988 618 2054 heredes
640 2009 716 2053 suos
739 1987 779 2052 de
803 1984 896 2051 tota⁶
918 1991 1006 2052 terra
1028 1992 1221 2075 praenotata
1260 1988 1366 2069 Quam

153 2062 293 2196 ξὲζξῶῗη
322 2098 444 2159 terram
459 2091 576 2157 fratres
599 2091 730 2156 militiae
753 2089 880 2177 Templi
904 2090 1000 2156 nobis
1021 2092 1257 2157 confirmarunt
1265 2090 1288 2172 ;6
1308 2091 1367 2177 qui

316 2195 373 2281 jus
396 2195 432 2260 in
454 2196 526 2282 ipsa
547 2200 636 2259 terra
659 2192 826 2280 quondam
858 2192 919 2258 hoc
952 2194 1049 2259 modo
1081 2194 1278 2260 habuerunt.
1324 2194 1366 2258 Iu

320 2298 458 2365 Beforth
493 2297 628 2363 fuerunt
661 2296 719 2361 xii.
743 2300 902 2361 carucatas
936 2302 970 2361 et
1002 2298 1038 2361 in
1069 2297 1293 2384 Dodyngtona
1323 2296 1366 2362 vi.

321 2406 484 2467 carucatas
517 2397 634 2465 terrae⁷
670 2399 710 2464 de
742 2398 837 2463 feodo
872 2399 1000 2464 comitis
1031 2399 1249 2466 Albemarliae.
1300 2399 1364 2480 Qui

319 2504 452 2590 quidem
476 2524 582 2569 comes
604 2501 697 2567 dedit
720 2500 882 2567 militibus
897 2500 1025 2589 Templi
1042 2503 1213 2569 servitium
1229 2502 1365 2568 Ernaldi

319 2607 359 2672 de
396 2607 605 2694 Monbsgona
640 2605 819 2692 supradicti
854 2604 894 2670 dc
926 2606 971 2671 vi.
1006 2606 1165 2672 carucatis
1195 2611 1292 2673 terrae
1329 2606 1365 2670 in

320 2710 454 2775 Beforth
479 2713 513 2776 ct
535 2710 579 2774 vi.
596 2708 755 2774 carucatis
779 2712 874 2773 terrae
898 2709 933 2772 in
956 2707 1188 2796 Dodyngtona‚
1203 2710 1262 2796 qui
1283 2732 1366 2796 prac-

321 2813 425 2879 dictaa
463 2810 535 2878 xii.⁸
568 2816 738 2878 carucatas
776 2816 873 2876 terrae
907 2811 948 2875 de
980 2810 1092 2877 eodem
1125 2813 1244 2878 comite
1275 2812 1366 2899 prius

319 2917 460 2983 tenebat.
506 2914 555 2981 At
588 2915 657 3002 ipse
680 2913 870 2991 Ernaldus⁰
893 2913 1077 2980 dominium
1107 2916 1364 3004 Templariorum

319 3042 406 3109 aegre
428 3018 535 3085 ferens
558 3022 592 3083 et
615 3039 726 3082 eorum
759 3017 985 3083 exactionibus
1011 3019 1120 3084 minus
1149 3019 1364 3107 acquiescens,

319 3126 406 3212 ipsas
429 3144 486 3190 sex
509 3127 680 3187 carucatas
701 3124 800 3186 terrae
816 3121 851 3185 in
874 3120 1013 3187 Beforth
1024 3119 1049 3157 ¹⁰
1071 3122 1118 3187 eis
1139 3122 1274 3209 reliquit
1297 3145 1365 3189 esse

319 3228 468 3314 quietae3
504 3248 543 3291 ea
573 3225 690 3291 saltem
725 3223 911 3289 conditione
946 3225 1034 3311 quod
1069 3224 1109 3290 dc
1140 3247 1199 3291 sex
1230 3226 1365 3313 reliquis

318 3330 478 3395 carucatis
510 3334 607 3393 terrae
641 3328 676 3391 in
711 3326 937 3413 Dodyngtona
959 3327 1088 3392 nullum
1111 3330 1244 3393 omnino
1267 3329 1363 3395 alicui

319 3433 491 3498 servitium
514 3430 633 3496 faceret
656 3431 724 3516 ipse
747 3430 801 3494 vel
823 3430 956 3496 herodes
978 3430 1055 3515 ejus.
1101 3430 1151 3496 De
1173 3430 1292 3518 quibus
1307 3454 1364 3498 sex

318 3536 477 3601 carucatis
500 3541 595 3600 terrac
619 3533 655 3597 in
679 3532 903 3620 Dodyngtona
924 3533 1089 3611 habemus,
1113 3518 1198 3621 sicut
1215 3534 1287 3619 jam
1309 3556 1364 3599 su·

317 3639 501 3725 pradictum
534 3642 592 3715 eat,
617 3635 855 3723 praescriptas¹¹
880 3658 980 3702 unam
1003 3642 1188 3702 carucatam
1210 3644 1244 3703 ct
1267 3638 1363 3703 dimi-

318 3742 407 3806 diam
431 3744 534 3806 terrao.
581 3739 721 3804 Interim
754 3743 864 3804 autem
896 3739 1052 3826 praefatus
1084 3739 1248 3805 Emaldus
1270 3741 1362 3805 dedit

394 3953 412 3958 ..
426 3948 830 3958 .--———-—-——--—--—-
847 3949 1050 3957 ..--—-—--.--
1072 3950 1277 3957 -.-.——---——⁴

351 4093 357 4120 ¹
368 4089 443 4139 Alter
455 4096 523 4137 terra
536 4086 621 4143 insert.
633 4093 658 4136 ct
668 4084 759 4135 ibidem
773 4100 817 4149 per
895 4089 905 4117 ⁰
921 4087 1107 4154 confirmarunt]
1127 4089 1316 4153 confirmabant,
1331 4091 1360 4142 P.

316 4169 400 4220 omnia
418 4169 483 4219 sicut
501 4167 662 4231 praelocutum
683 4165 761 4214 fuerat
780 4174 816 4214 ast
895 4180 904 4207 a
922 4179 1005 4244 term]
1025 4181 1138 4245 wanting
1149 4182 1176 4229 in
1189 4181 1217 4230 1»,

316 4258 457 4305 executum,
468 4255 558 4310 praetor
569 4246 616 4294 boc
628 4246 703 4308 quod,
716 4244 744 4294 1¹.

347 4327 550 4377 ²Aftcrdr'mtcit
569 4325 697 4384 insertae
717 4323 814 4372 itaaibi
893 4365 903 4392 ⁸
920 4362 948 4413 E
996 4362 1023 4413 Id
1153 4366 1159 4379 ,
1209 4366 1215 4379 ‚
1244 4366 1267 4416 P

316 4407 467 4457 satisfactum
481 4404 655 4463 csscdiccbat,
671 4404 698 4452 P.
948 4381 994 4412 ’Μ
1022 4366 1063 4430 ¹⁸]
1084 4374 1197 4432 mun&
1208 4384 1232 4416 ¹¹¹
1268 4406 1274 4416 ·

350 4490 358 4516 ³
371 4486 444 4535 After
453 4484 584 4548 prcrsatam
596 4483 674 4531 insert
685 4482 815 4547 integram,
894 4457 913 4486 η
929 4456 1006 4505 A¹¹⁰¹
1025 4457 1128 4521 Bis‘ffll‘
1141 4458 1225 4548 libell,
1238 4460 1269 4507 ‘10
1280 4461 1360 4510 Omni·

317 4568 339 4615 p
860 4537 906 4585 bns
915 4552 970 4600 quar
982 4537 1014 4584 ad
1027 4552 1083 4586 cum
1096 4539 1261 4601 pertinebant.
1273 4539 1303 4588 P.

340 4604 358 4674 ι·
367 4644 450 4709 sorel]
470 4650 541 4701 esset,
553 4642 583 4692 P.
896 4629 911 4657 ¹¹
926 4630 1100 4694 proscriptas]
1120 4644 1151 4678 cx
1164 4631 1231 4681 dono
1244 4630 1313 4681 Isaac
1328 4634 1358 4681 de

348 4728 357 4753 a
375 4724 437 4788 mm]
457 4721 569 4785 wanting
581 4720 607 4769 in
619 4720 647 4769 p,
860 4706 1011 4772 Skcltlynge
1023 4708 1117 4768 clerici,
1129 4709 1159 4759 P.

895 4273 904 4299 '¹
922 4271 982 4336 xit]
1003 4272 1116 4337 wanting
1127 4274 1152 4321 in
1166 4274 1195 4322 Ρ.
