3256 5692
369 813 435 876 418
645 824 818 876 arciacus
840 824 949 874 raass
971 825 1144 874 surrruus.

204 1008 272 1060 Ab.
287 1013 345 1058 1221
371 998 569 1063 Redemarra
584 997 676 1064 dedit
697 999 791 1063 nobis
812 1021 914 1064 unum
929 998 1052 1064 tottam
1074 996 1299 1062 continentem
1314 1015 1415 1059 unam

202 1081 294 1126 '¹²³⁵‘
370 1123 479 1166 acram
501 1105 607 1179 terrae,
630 1106 665 1166 et
694 1101 774 1166 duas
804 1101 887 1166 alias
920 1123 1010 1167 acras
1031 1106 1136 1177 terrae,
1157 1100 1195 1164 in
1228 1120 1345 1185 campo
1376 1098 1417 1161 de

371 1203 578 1269 Redemarra.
635 1203 717 1283 Quae
750 1203 838 1268 idem
860 1203 962 1269 abbas
984 1203 1143 1269 Rioardus
1172 1201 1322 1267 Johanni
1354 1199 1417 1263 fra·

371 1307 417 1372 tri
449 1327 508 1371 suo
539 1309 574 1372 et
603 1305 671 1370 filio
703 1305 785 1371 dicti
808 1306 949 1372 Jordani
970 1307 1013 1371 ad
1035 1305 1124 1370 feodi
1144 1305 1276 1369 firmam
1297 1299 1411 1378 dedit)

371 1407 432 1473 ut²
448 1400 529 1474 'tres
560 1408 680 1474 solidos
703 1410 852 1474 annuos³
876 1410 965 1495 apud
997 1408 1169 1496 grangiam
1197 1411 1346 1473 nostram
1377 1404 1417 1468 de

371 1509 638 1597 Tharlesthorpia
675 1510 770 1576 nobis
807 1510 933 1576 solvere
977 1510 1166 1577 teneretur.⁴
1229 1509 1287 1574 Ad
1323 1506 1418 1592 cujus

371 1613 476 1679 firmae
509 1614 708 1679 solutionem
742 1621 820 1700 tam¹
846 1615 983 1679 eandem
1017 1621 1139 1679 terram
1161 1635 1262 1699 quam
1294 1617 1417 1677 terram

372 1717 470 1780 aliam
494 1737 593 1802 quam
617 1716 657 1781 de
687 1716 772 1782 dono
802 1716 885 1781 dieti
907 1717 1047 1782 Jordani
1077 1716 1193 1782 habuit
1223 1713 1416 1801 obligabat:

272 1866 279 1880 .
373 1818 423 1883 ita
444 1818 541 1906 plana
564 1819 659 1904 quod,
677 1817 705 1883 si
727 1818 771 1882 ad
793 1818 937 1905 aliquem
958 1819 1138 1884 terminum
1159 1816 1324 1895 defecerit,
1337 1815 1418 1879 alios

374 1925 441 1986 tres
479 1921 598 1986 solidos
628 1920 759 1987 fabricae
797 1921 938 2000 ecclesiae
975 1927 1109 1999 nostra,
1129 1919 1264 1984 nomine
1307 1938 1416 2004 poenae

374 2023 491 2102 daret,⁵
514 2029 548 2089 et
568 2028 741 2108 utramque
763 2029 883 2088 terram
912 2023 955 2088 ad
988 2023 1184 2088 solutionem
1207 2027 1279 2086 tam
1311 2040 1419 2105 poenae

374 2147 473 2212 quam
496 2125 600 2191 firmae
614 2125 657 2190 ad
670 2124 805 2190 libitum
828 2124 1023 2211 distringere
1046 2124 1236 2189 valeremus
1273 2121 1417 2200 Interea,

207 2241 307 2292 Roma.
374 2226 560 2293 Willelmus
590 2227 631 2292 de
668 2226 875 2313 Serutevylla
906 2225 1059 2292 dominus
1090 2226 1130 2290 de
1154 2221 1300 2289 Rowth⁶
1323 2244 1420 2309 super

133 2316 142 2333 ⁸
208 2319 337 2436 Qiiffl
374 2329 471 2394 bosco
494 2334 608 2394 nostro
640 2328 681 2393 de
704 2328 803 2393 Rada
835 2350 893 2394 nos
927 2328 1153 2415 implacitavit.
1210 2326 1420 2412 Quapropter

207 2452 358 2503 musana
375 2452 434 2495 nos
472 2431 642 2495 dominum
666 2430 868 2495 Willelmum
898 2431 939 2495 de
964 2429 1118 2496 Fortibus
1147 2429 1300 2494 comitem
1322 2428 1420 2491 Albe-

204 2520 346 2635 w&
374 2532 506 2610 marliae,
531 2533 588 2618 qui
609 2532 705 2597 nobis
729 2532 854 2612 dictum
885 2532 1019 2598 boscum
1043 2531 1258 2597 warantizare
1281 2527 1420 2606 debuit⁷

207 2600 343 2703 abisa.
373 2634 416 2700 ad
446 2638 595 2698 nostrum
630 2638 815 2698 warantum
848 2635 1052 2700 vocabamus.
1108 2634 1208 2700 Unde
1241 2631 1421 2720 recognitio

372 2759 501 2824 magnae
524 2737 632 2801 assisae
656 2735 819 2800 Eboraoi⁸
841 2736 928 2800 facta
950 2743 1007 2802 est.
1053 2735 1194 2823 Ibiquc⁹
1227 2735 1336 2800 fuerat
1359 2741 1423 2799 tes-

374 2839 514 2906 timonio
529 2837 644 2909 aurire
655 2835 681 2872 ¹⁰
704 2837 945 2919 concordatum,
976 2839 1065 2924 quod
1092 2837 1269 2925 praedictus
1296 2836 1422 2903 Willel-

376 2966 449 3008 mus
481 2942 522 3007 de
547 2939 754 3028 Sorutevylla
786 2941 912 3007 remisit
944 2941 1032 3006 dicto
1064 2940 1178 3006 comiti
1196 2940 1358 3025 nobisque
1388 2944 1422 3004 et

377 3044 615 3110 successoribus
646 3044 768 3109 nostris
801 3050 907 3108 totum
938 3044 994 3129 jus
1025 3048 1059 3107 et
1089 3043 1239 3107 clamium
1264 3042 1354 3127 quod
1385 3042 1420 3105 in

377 3148 515 3234 praefato
538 3148 634 3211 bosco
648 3144 670 3183 ¹¹
695 3146 907 3210 clamavisse
940 3145 1068 3208 habere.
1116 3144 1179 3208 Pro
1207 3166 1272 3229 qua
1306 3143 1422 3207 remis-

377 3250 468 3314 sione
491 3254 526 3314 et
547 3249 718 3314 eoncordia
740 3249 826 3313 idem
850 3271 954 3312 comes
977 3248 1069 3312 dedit
1091 3246 1228 3333 praefiato'
1254 3246 1421 3311 Willelmo

378 3353 419 3416 de
442 3351 650 3435 Scrutevylla
672 3351 763 3415 xviii.
787 3373 910 3415 marcas
932 3350 1069 3436 argenti.
1125 3349 1217 3412 'hine
1238 3371 1318 3413 vero
1343 3349 1424 3413 Wil-

378 3453 495 3517 lelmus
520 3451 637 3536 [filius]
663 3452 752 3515 Petri
775 3453 815 3517 de
839 3453 936 3517 Ruda
958 3451 1050 3517 dedit
1072 3451 1166 3514 nobis
1196 3472 1300 3515 unum
1335 3450 1425 3514 clau·

376 3575 457 3630 sum,
489 3557 524 3615 et
556 3551 599 3614 ad
630 3573 711 3636 opus
744 3553 917 3618 *fiabricae‘
950 3552 1089 3618 ecclesiae
1122 3558 1244 3617 nostrae
1276 3575 1425 3617 annuum

376 3654 543 3718 redditum
566 3657 639 3717 octo
662 3653 870 3718 denariorum
893 3655 933 3719 de
955 3677 1020 3720 uno
1042 3655 1107 3719 alio
1129 3654 1247 3730 clauso,
1263 3661 1297 3719 et
1313 3656 1425 3721 decem

376 3955 432 3989 sam
444 3939 542 3989 dimidii
559 3938 642 4003 stagni
660 3947 741 3999 terra,
753 3953 810 3988 cum
827 3954 877 3990 uua
956 3943 966 3969 ⁵
983 3939 1066 4004 duret]
1086 3949 1206 4005 erogaret,
1218 3942 1249 3990 P.

376 4017 492 4066 domuin
509 4033 540 4066 eo
557 4018 612 4076 sita,
624 4025 709 4066 nostro
726 4017 877 4066 monasterio
956 4018 1082 4085 ‘Rowrlq
1102 4020 1183 4079 Rada,
1191 4019 1222 4068 P.

376 4097 452 4144 etiam
464 4097 590 4159 erogabat.
621 4096 695 4157 Quod
707 4097 819 4145 clausum
832 4097 877 4144 Iti·
956 4102 965 4127 ⁷
982 4099 1075 4164 detuit]
1094 4100 1206 4160 debebat,
1217 4099 1246 4148 P.

376 4175 465 4223 cardus
485 4175 561 4223 abbas
584 4181 613 4222 10
631 4175 736 4223 Thema
756 4176 789 4224 ad
800 4175 877 4224 Prata
955 4179 965 4207 ⁸
982 4175 1105 4243 Eboraci]
1127 4178 1194 4226 inter
1212 4176 1309 4227 dictum
1324 4178 1428 4230 Willel-

377 4254 408 4301 de
420 4252 579 4315 Otriugbam‚
597 4253 681 4301 heredi
700 4252 810 4315 ipsorum
827 4255 877 4303 sta-
922 4270 991 4303 mum
1011 4256 1042 4304 de
1064 4256 1222 4320 Scrutevylla
1241 4262 1267 4305 et
1291 4259 1427 4320 pressatum

377 4339 452 4390 trum,
458 4331 491 4379 ad
502 4331 568 4378 feodi
580 4330 679 4378 firmam
687 4333 835 4392 retrudebat,
844 4333 874 4382 P.
921 4333 1052 4383 dominum
1062 4334 1178 4384 comitem
1194 4336 1221 4383 in
1238 4335 1311 4385 curia
1327 4337 1426 4387 domini

411 4411 417 4439 ¹
436 4407 515 4472 dedit]
535 4410 681 4465 retradebat,
694 4409 723 4457 P.
922 4412 989 4474 regis
1000 4415 1066 4475 apud
1077 4413 1227 4474 Eboracum,
1238 4415 1269 4465 P.

410 4491 420 4518 ²
437 4488 475 4551 ut]
495 4502 540 4550 pro
551 4487 641 4550 quibus
650 4486 727 4548 ‚terna
746 4488 812 4536 idem
829 4489 876 4538 Jo-
954 4494 963 4519 ⁰
982 4490 1081 4556 Ibique]
1102 4492 1153 4542 Ubi
1165 4493 1208 4553 ita,
1220 4492 1249 4543 P.

377 4567 480 4624 bannos,
492 4567 521 4614 l.
955 4570 974 4598 ¹⁰
990 4571 1077 4634 curioe]
1097 4571 1164 4631 fiais,
1175 4571 1205 4620 P.

410 4649 419 4675 ³
436 4645 541 4708 annuos]
561 4644 699 4704 annuatim,
711 4646 740 4695 P.
955 4650 970 4677 ¹¹
990 4649 1064 4697 acer
1075 4648 1143 4698 bosco
1161 4650 1247 4711 insert,
1260 4656 1293 4700 50
1305 4653 1427 4703 videlieet

410 4727 418 4755 ⁴
436 4723 566 4787 teneretur]
585 4723 753 4786 promittebat,
766 4725 794 4775 P.
921 4725 986 4775 acris
997 4727 1075 4787 bosci,
1087 4729 1117 4776 P.
