3232 5692
478 838 653 890 sisennus
674 836 782 886 Annus
804 838 978 887 summus.
1180 825 1244 887 419

202 1031 293 1075 acres
314 1016 412 1078 tense
434 1016 469 1079 et
499 1013 587 1100 preti
610 1013 645 1076 in
669 1008 809 1076 Rovvih.l
867 1011 912 1076 Ec
946 1011 1062 1076 mulier
1086 1011 1245 1096 quosdam,
1258 1029 1326 1081 ΑΛ).
1340 1036 1400 1081 1221

203 1113 340 1180 Beatrix
371 1115 411 1180 de
443 1115 548 1193 Ruda,
579 1115 660 1179 duos
697 1112 847 1178 selliones
885 1100 1006 1177 ibidem
1045 1113 1245 1178 monasterio
1257 1102 1347 1148 ⁴²³⁵·

200 1223 312 1281 nostro
337 1217 498 1283 consulis.²
544 1216 731 1304 Stephanus
755 1215 848 1279 Nard
871 1215 911 1279 de
934 1215 1093 1300 Rystons,
1117 1237 1176 1302 pro
1199 1214 1244 1278 xl.
1258 1241 1379 1306 Bystonu

201 1317 313 1385 solidis
327 1341 408 1405 quos
423 1320 454 1384 ei
469 1319 641 1397 dedimus,³
663 1322 736 1385 ocio
751 1340 841 1384 acras
856 1323 952 1383 terrae
968 1322 1003 1382 et
1018 1339 1048 1382 v.
1064 1315 1245 1396 rodefallss,

201 1425 236 1484 ei
258 1420 372 1486 Simon
395 1421 530 1487 clericus
552 1421 592 1487 de
616 1422 766 1507 Rystona
789 1421 869 1485 dnus
891 1419 1037 1485 cultures
1060 1418 1247 1483 latitudinis

200 1543 259 1586 sex
282 1523 523 1608 perhiodorum,
539 1523 739 1588 monusierio
754 1528 868 1588 nostro
890 1518 1134 1588 concedebsnu⁴
1179 1520 1245 1584 Do·
1260 1522 1382 1574 Aramis

201 1625 373 1710 minusque
397 1625 515 1690 Petrus
536 1624 625 1690 filius
647 1625 772 1691 domini
795 1623 935 1690 Wolteri
949 1623 990 1689 de
1014 1620 1245 1709 Falconbergu‚

201 1748 274 1791 cum
305 1749 450 1792 annuum
485 1728 613 1792 firmum
644 1733 790 1792 nostram
821 1727 966 1812 quinque
997 1725 1176 1791 solidorum
1207 1724 1247 1789 dc

201 1827 387 1893 molendino
410 1852 469 1895 suo
500 1829 539 1894 de
563 1829 802 1917 Csiiyngvyk,
833 1836 932 1915 prout
953 1827 1106 1893 dominus
1129 1827 1248 1893 Petrus

201 1953 284 1995 avus
306 1953 383 1998 suus
405 1932 501 1997 nobis
523 1939 730 2009 concesserat,
754 1931 917 2018 percipere
940 1931 1155 2017 nequiremus,
1172 1952 1248 1995 oon-

201 2031 320 2098 cessit⁶
341 2035 436 2100 nobis
459 2036 564 2121 ipsum
597 2056 743 2100 annuum
765 2035 930 2100 redditum
954 2036 973 2098 5
997 2034 1184 2110 solidorum,
1206 2033 1248 2098 sd

202 2136 376 2201 emendum
400 2137 515 2202 vinum
538 2137 581 2202 ed
604 2138 718 2202 missas
749 2143 888 2216 nostrus,
912 2137 952 2201 de
975 2158 1103 2202 camere
1124 2158 1183 2201 sun
1205 2134 1248 2200 ed
1261 2143 1330 2195 Mau
1343 2145 1417 2196 wine.

201 2238 323 2302 festum
346 2236 611 2304 Purificstionis⁰
634 2239 746 2306 Beatae
770 2239 885 2304 Msriae
908 2239 1081 2304 annuatim
1112 2238 1250 2325 percipi-

202 2339 333 2419 endum,
365 2362 531 2426 quousque
568 2345 688 2406 certam
735 2362 804 2405 rem
848 2340 1036 2427 provideret
1070 2339 1113 2404 sd
1144 2340 1271 2426 ipsum·

203 2441 398 2507 solutionem
432 2443 528 2529 plene
561 2441 819 2528 perficiendam.⁷
880 2441 987 2518 Unde,
1020 2440 1106 2505 infre
1139 2440 1249 2519 breve,

203 2544 290 2609 idem
313 2543 466 2608 dominus
490 2544 608 2609 Petrus
631 2544 723 2608 dedic
746 2542 847 2619 nobis,
871 2543 913 2606 ad
936 2544 1053 2607 vinum
1076 2541 1250 2607 emendum

203 2645 245 2709 ud
268 2651 507 2710 sacromenbum
531 2645 672 2709 ecclesiae
695 2650 826 2724 nostroe,
848 2644 882 2710 in
914 2644 1170 2710 satisfactionem
1203 2645 1251 2729 ip

203 2768 312 2811 sorum
337 2750 355 2809 5
380 2746 557 2810 solidorum
590 2768 783 2824 annuorum,
807 2745 872 2811 duo
904 2745 1013 2811 clausa
1035 2747 1069 2810 in
1093 2745 1251 2825 Arnullia,

204 2869 342 2932 quorum
364 2847 506 2913 alterum
529 2849 563 2912 in
588 2854 714 2913 curtem
736 2848 881 2935 grengiae
904 2854 1025 2913 nostrie
1049 2847 1172 2912 ibidem
1201 2847 1251 2911 in-

204 2949 332 3014 cludere
354 2941 543 3014 valeremus.
588 2949 713 3036 8Ηιιςο
735 2949 824 3013 filius
848 2949 990 3014 Walteri
1014 2949 1055 3013 dc
1069 2948 1393 3034 Wythorn·wirhorn·

206 3051 287 3137 wyk
310 3051 402 3116 dedit
425 3050 525 3115 eiiam
548 3051 652 3130 nobis,
676 3051 719 3116 od
748 3051 909 3115 luminare
938 3051 1142 3138 privaturum
1174 3036 1331 3165 mis-{5}1
1351 3117 1367 3164 s

204 3176 322 3230 sarum,
357 3175 503 3218 annuum
536 3154 702 3219 redditum
734 3153 873 3218 duorum
905 3153 1082 3218 solidorum
1115 3153 1156 3217 de
1186 3124 1392 3248 unapssssgsseoe

205 3255 344 3320 dimidia
365 3255 489 3321 bovata
511 3261 608 3321 terrae
638 3254 673 3318 in
696 3254 951 3341 Wyhlrornwyk.
1009 3254 1074 3320 Sed
1105 3254 1364 3321 redditusmm

205 3358 275 3444 ipse
309 3378 374 3443 quo
408 3357 580 3423 devenerit
614 3359 796 3443 ignoratur.
853 3358 899 3421 Ec
922 3357 1055 3444 qnidam
1079 3358 1180 3445 Hugo
1212 3357 1253 3422 de
1264 3381 1370 3447 Bewyk.

205 3462 295 3545 Arcy
317 3458 410 3523 dedit
432 3460 529 3524 nobis
552 3464 658 3524 totam
678 3466 814 3524 'terrum
838 3481 937 3545 quum
959 3458 1077 3524 habuis
1098 3460 1135 3523 in
1157 3459 1252 3524 terri-

205 3562 290 3626 torio
313 3561 355 3626 de
378 3561 514 3647 Bewyk.
561 3561 627 3627 Sed
649 3567 774 3647 quantu
796 3561 867 3647 ipse
888 3565 977 3626 tenu
1010 3560 1116 3626 fuerat
1138 3561 1190 3625 vel
1222 3561 1251 3625 si
1358 3596 1377 3619 ,

205 3684 351 3749 unquam
373 3686 444 3729 eum
467 3664 712 3750 possederamus
734 3664 866 3750 penitus
888 3664 1067 3750 ignoratur.

257 3836 798 3843 ——-—..--—...—--
806 3837 918 3842 --——
929 3837 933 3841 -
972 3837 1028 3842 —.
1040 3836 1059 3842 --
1071 3836 1180 3843 —.

239 3929 246 3958 ¹
265 3928 366 3994 mod]
386 3929 467 3989 Ruds,
479 3928 508 3978 P.
783 3931 794 3958 ¹
803 3929 897 4001 [atum
908 3926 1108 3993 Purificutiouis]
1129 3927 1251 3978 Purifica-

237 4007 588 4073 'emuld]conserebnt,1‘.
751 4007 854 4065 tionem,
862 4007 892 4057 P.

238 4087 249 4115 ¹
264 4085 384 4151 dedimus]
403 4087 559 4147 dederamus,
570 4085 602 4136 P.
784 4088 793 4114 '
807 4085 995 4153 perficiendum]
1020 4086 1207 4151 percipiendam
1224 4087 1251 4136 in

239 4167 249 4195 ⁴
264 4166 439 4232 concedebant]
458 4167 640 4232 imperpetuum
652 4181 706 4216 ero-
751 4166 782 4216 E.

206 4245 309 4310 gabant,
320 4245 349 4295 P.
784 4246 794 4274 ⁸
810 4244 878 4294 Here
889 4259 1047 4295 commences
1059 4244 1169 4310 Chapter
1178 4245 1212 4296 V.
1222 4246 1250 4295 in

239 4326 250 4354 ⁸
265 4325 394 4390 conrasit]
414 4325 574 4385 concedebat,
585 4325 616 4374 Ρ.
751 4324 794 4374 the
805 4324 930 4388 Phidippo
942 4323 997 4376 MS.
