3232 5692
327 774 392 836 212
585 780 770 833 rmmrrus
791 777 900 830 Aruns
923 776 1110 832 suemus

326 1056 405 1124 OAP.
429 1052 522 1120 XXI.
546 1052 596 1119 Dc
629 1051 725 1119 obito
761 1050 938 1120 Wa'lla'elmi
969 1051 1073 1120 Grocs
1105 1046 1241 1117 comitis
1270 1044 1370 1112 Albe·

412 1154 548 1222 morlr'co
563 1152 769 1240 scortatori-s
791 1153 903 1221 acori
913 1181 926 1232 ,-
950 1161 980 1221 et
1002 1152 1042 1219 cle
1056 1149 1256 1218 Boldewirw
1281 1147 1372 1216 Oca-

414 1255 587 1324 loarieasi
609 1253 865 1343 archieposcopo.

160 1416 229 1471 Μ).
244 1425 306 1474 1178
370 1408 466 1476 (lires
509 1408 579 1474 haec
623 1413 773 1495 tempora
810 1406 1008 1473 Willielmus
1044 1405 1075 1470 le
1114 1405 1219 1471 Groos
1263 1424 1372 1469 comes

159 1491 250 1625 3¹⁸⁸·
323 1509 549 1590 Albemarliae,
565 1509 723 1575 fundator
744 1514 863 1588 noster,
880 1512 922 1575 29
938 1530 1025 1575 anno
1046 1513 1121 1595 post
1141 1505 1372 1574 fundationem

159 1578 287 1707 wilffissf
325 1620 473 1681 nostrum
508 1612 605 1692 obiit,
640 1616 675 1677 ot
711 1613 800 1699 apud
830 1611 1056 1677 Thorntonam
1094 1616 1143 1676 est
1177 1608 1373 1676 tumulatus.

158 1710 289 1828 {md
325 1716 392 1783 Hic
424 1715 580 1781 fundavit
610 1713 761 1779 abbatias
784 1713 899 1779 Sancti
922 1712 1060 1778 Martini
1086 1713 1128 1778 de
1149 1711 1298 1778 Auxisco
1320 1710 1372 1777 ni-

289 1792 312 1830 e‘
324 1841 458 1906 grorum
491 1817 725 1883 monachorum
753 1816 855 1901 juxta
876 1814 1113 1881 Albemarliam
1135 1815 1171 1880 in
1194 1813 1373 1901 Pykardis,

325 1920 457 1987 Sancta>
480 1919 598 1984 Marius
630 1919 670 1984 de
693 1917 887 1982 Thorntons
911 1917 1111 2005 regularium
1133 1917 1373 1992 canonicorum,

325 2029 360 2088 et
391 2022 628 2088 monasterium
661 2020 792 2087 Sanctae
824 2018 939 2085 Mariae
971 2019 1012 2085 de
1045 2018 1139 2085 Valle
1166 2017 1230 2084 Dei
1264 2023 1298 2083 et
1331 2017 1372 2083 de

159 2137 279 2191 nirreli-
324 2125 430 2191 Melsa
452 2126 518 2191 ista
541 2123 666 2189 ordinis
690 2122 922 2189 cisterciensis.
968 2122 1043 2209 Ipse
1066 2144 1141 2187 cum
1172 2121 1309 2209 belliger
1339 2126 1374 2186 et

158 2207 266 2338 {ffi'
271 2289 304 2323 on
323 2227 395 2293 dux
429 2226 594 2293 exercitus
624 2224 829 2312 temporibus
862 2223 1028 2310 requisitis
1065 2223 1239 2301 extitisset,
1271 2229 1306 2288 et
1336 2224 1372 2287 in

157 2337 312 2405 theprayerr
322 2330 407 2395 mari
429 2327 674 2396 transfretando
697 2332 911 2414 tempestates
934 2331 1112 2393 nocturnas
1135 2331 1169 2392 et
1183 2324 1373 2413 repentinas

157 2405 255 2524 ffofffi·
323 2433 353 2497 ei
391 2454 465 2497 cum
510 2430 577 2497 suis
622 2428 832 2516 naufragium
877 2429 1043 2494 minantes
1080 2449 1166 2514 saepe
1202 2448 1372 2514 perpessus

324 2533 447 2614 fuisset,
464 2534 585 2599 eisdem
601 2532 856 2618 tempestatibus
872 2529 1111 2617 ingruentibus,
1125 2534 1253 2595 noctem
1271 2549 1373 2614 usque

324 2636 367 2700 ad
390 2635 461 2721 ejus
485 2635 627 2700 mediam
650 2634 713 2698 sub
737 2655 793 2719 spe
816 2634 1000 2698 insomnem
1023 2632 1214 2698 deducebat.
1262 2631 1373 2697 Media

157 2750 249 2805 tero.
326 2742 439 2802 sutem
463 2742 561 2801 nocte
583 2736 737 2812 irruente,
762 2757 828 2820 qua
850 2733 1002 2799 monachi
1025 2735 1076 2799 sui
1099 2734 1212 2800 Sancti
1236 2732 1373 2797 Martini

324 2845 359 2904 et
392 2838 540 2905 canonici
573 2837 625 2902 sui
658 2838 699 2901 de
729 2836 923 2901 Thorntona
954 2836 998 2901 sd
1029 2841 1208 2902 nocturnas
1241 2834 1373 2921 vigilias

322 2961 455 3027 surgere
476 2943 724 3015 consueverant,
739 2938 801 3003 sub
824 2938 1025 3004 confidentia
1041 2938 1200 3026 [precum]
1227 2938 1372 3024 ipsorum

322 3039 556 3107 monachorum
601 3046 636 3106 et
678 3041 911 3107 canonicorum
952 3041 1071 3127 spretis
1120 3039 1373 3127 tempestatibus

323 3143 466 3209 securius
480 3142 675 3209 dormiebat.
712 3142 808 3208 Circa
828 3141 1043 3229 gallicantum
1067 3143 1209 3228 quidem,
1232 3142 1372 3228 peractis

323 3246 556 3311 monachorum
579 3250 614 3311 et
636 3245 866 3311 canonicorum
888 3245 1121 3332 praedictorum
1143 3245 1274 3332 vigiliis,
1298 3267 1372 3310 cum

323 3348 497 3435 evigilaret
530 3348 591 3413 sub
622 3348 822 3414 confidentia
849 3348 1036 3414 orationum
1067 3349 1301 3415 monachorum
1332 3349 1373 3414 dc

324 3450 420 3517 Valle
444 3450 508 3516 Dei
530 3456 565 3514 et
597 3451 638 3516 de
663 3450 775 3528 Melsa,
800 3452 858 3537 qui
889 3451 962 3538 ipsa
992 3452 1074 3517 hora
1103 3454 1210 3518 noctis
1232 3452 1274 3518 od
1297 3472 1373 3516 suas

324 3552 459 3640 vigilias
482 3552 583 3617 etiam
607 3574 739 3639 surgere
765 3552 974 3631 festinarunt,
997 3554 1115 3641 spretis
1144 3555 1266 3620 iterum
1288 3559 1373 3619 tem·

323 3653 518 3742 peststibus,
534 3655 604 3721 sive
626 3654 819 3720 somniando
842 3655 912 3720 sive
935 3656 1104 3743 vigilando
1126 3656 1214 3722 diem
1229 3656 1373 3723 securius

159 3754 262 3872 fhhfflsss
273 3755 304 3807 of
325 3753 542 3845 expectabat.¹
590 3756 690 3822 Anno
712 3762 824 3822 autem
848 3765 1013 3843 sequente,
1037 3765 1112 3847 post
1142 3759 1211 3846 ejus
1234 3759 1373 3835 obitum,

188 3838 278 3874 ecam.
324 3882 386 3926 rex
422 3864 591 3925 monetam
625 3881 717 3923 suam
750 3859 786 3923 in
817 3858 942 3947 Anglia
972 3863 1096 3928 mutari
1132 3862 1281 3930 faciebat.
1327 3861 1372 3924 Et
1383 3872 1542 3991 aprpppa

1363 3956 1433 3992 ·00.
1517 3978 1524 3992 0

159 3952 313 4070 Hffiffi
326 3962 420 4049 regni
443 3961 543 4046 hujus
574 3962 661 4048 regis
682 3984 771 4027 anno
795 3965 848 4042 28,
872 3979 988 4029 mortuo
1015 3974 1144 4030 Ricardo
1169 3973 1372 4032 (lautusriensr

159 4086 239 4136 ΜΘ
250 4102 291 4137 see
326 4064 553 4136 archiepiscopo,
576 4065 719 4119 successit
742 4064 769 4119 oi
787 4064 974 4122 Baldowinns
992 4073 1061 4123 tunc
1079 4067 1292 4140 Wigorniensis
1312 4068 1372 4139 epi·

158 4152 188 4202 of
196 4152 299 4205 Canter-
326 4165 441 4220 scopus,
454 4146 632 4202 monachus²
644 4148 857 4217 cisterciensis,
872 4151 1015 4222 quondam
1028 4152 1116 4207 abbas
1128 4152 1164 4207 de
1179 4148 1324 4223 [Forda],³
1335 4152 1372 4207 do

158 4220 231 4286 burt·
326 4249 470 4289 consensu
495 4231 576 4302 regis
603 4237 633 4287 ct
650 4232 781 4287 omnium
800 4233 1011 4306 episcoporum,
1030 4235 1256 4292 reclamantibus
1273 4242 1371 4291 tamon

328 4372 441 4380 ——n—
634 4372 924 4383 ——·——--——.-...-
938 4376 1144 4385 --—-——---.
1159 4378 1370 4386 --.-.-——-—

361 4451 443 4501 ¹The
460 4452 539 4501 entire
555 4466 668 4516 passage,
680 4453 745 4503 from
764 4453 824 4520 Ipse
906 4456 1074 4524 mommo]
1103 4457 1185 4524 primo
1212 4458 1316 4518 ordinis,
1344 4459 1371 4509 J.

325 4548 379 4581 cum
393 4538 420 4581 to
431 4527 583 4597 expectabat,
594 4531 616 4581 is
624 4531 652 4580 in
664 4531 823 4597 thellgertou
874 4535 904 4586 Β.

325 4609 382 4661 MS.
393 4610 503 4661 inserted
515 4610 541 4661 ln
552 4610 595 4662 the
606 4610 675 4662 sixth
684 4612 785 4678 chapter
796 4614 828 4664 of
904 4617 915 4647 ¹
932 4616 1017 4670 Blank
1028 4617 1056 4670 in
1067 4617 1123 4671 MS.

329 4690 577 4752 summoueret.
613 4690 786 4759 Seepagem.
