3232 5692
535 750 675 799 raonis
696 749 806 799 mars
828 751 981 799 ruamus.
1214 738 1277 804 239

68 922 98 975 R
110 921 261 988 519999
234 944 261 1006 eJ
265 944 303 987 us
325 921 449 986 ibidem
471 920 612 985 ohiebat.
659 914 744 982 Circa
761 927 832 983 hoc¹
847 930 982 1001 tcmpua²
1000 930 1099 985 floruit
1111 931 1199 985 abbas
1213 929 1232 985 J
1233 948 1280 985 oa·
1291 930 1317 980 A
1321 931 1361 982 ..D
1375 935 1449 993 11⁸7,

66 991 115 1041 eol.
127 995 199 1041 9394.
273 1033 279 1045 .

233 1033 361 1090 oh1m1n
385 1031 530 1096 Calabria,
558 1031 608 1103 qui
627 1022 736 1106 plures
753 1030 843 1085 libros
862 1049 950 1102 super
973 1031 1173 1103 apocalipsim
1193 1037 1224 1085 et
1243 1002 1436 1134 &³13³ssbe

234 1127 370 1183 oneribus
388 1124 594 1195 prophetarum
615 1122 856 1193 conscripsit...
893 1123 962 1187 Hic,
983 1123 1165 1178 Frederico
1157 1139 1281 1193 impera·
1293 1146 1420 1202 ΝΜ.

235 1220 340 1275 toriet
358 1230 466 1273 secum
488 1206 784 1294 peregrinantibus,
807 1206 1052 1291 requirentibus
1082 1207 1282 1292 ab1psode

234 1311 444 1398 expeditione
474 1307 749 1396 peregrinationis
781 1329 849 1372 suaa
880 1309 917 1372 in
950 1307 1084 1373 Terram
1116 1309 1281 1386 Sanctam,

235 1412 371 1484 praedixit
397 1413 474 1482 quod
497 1429 602 1482 parum
631 1409 743 1465 ibidem
770 1409 955 1481 proficerent,
984 1428 1018 1465 eo
1045 1410 1124 1482 quod
1152 1409 1281 1465 nondum

235 1503 350 1567 tempus
369 1495 550 1551 liberationis
569 1495 744 1550 advenisset.
783 1493 890 1548 Fertur
902 1495 991 1549 etiam
1009 1495 1045 1549 de
1064 1495 1129 1566 ipso
1147 1493 1281 1548 Joachim

236 1581 314 1650 quod
340 1579 424 1649 quasi
455 1578 623 1650 prophetice
651 1577 792 1647 effigiavit
816 1595 922 1641 mores,
951 1584 1033 1633 actus
1061 1585 1091 1633 et
1114 1594 1280 1639 numerum,

235 1664 365 1718 omnium
383 1663 513 1717 virorum
532 1661 756 1733 apostolicorum
781 1660 833 1731 qui
859 1661 951 1716 futuri
977 1662 1072 1717 forent
1098 1663 1128 1716 in
1146 1662 1280 1716 ecclesia.

236 1747 309 1817 Ejus
336 1751 434 1800 tamen
464 1746 561 1816 opinio
589 1743 698 1816 quam⁸
725 1751 827 1798 contra
856 1744 1034 1815 Magistrum
1064 1745 1281 1800 Sententiarum

237 1837 414 1909 scripserat⁴
432 1837 614 1908 reprobatur.
664 1826 803 1913 Ipsoque
826 1849 914 1891 anno
945 1850 1010 1913 quo
1032 1829 1100 1895 dict
1086 1836 1139 1895 tus
1162 1828 1281 1893 Frede-
1293 1835 1416 1889 lluitleoe

236 1931 322 1996 ricus
352 1929 485 1994 Terram
525 1929 680 1994 Sanctam
711 1931 802 2005 adiit,
833 1929 1004 2015 Philippus
1033 1952 1092 1995 rex
1123 1930 1281 2010 Franciae,
1294 1918 1409 2036 ξοξξῗ]

238 2033 401 2099 Henricus
432 2053 492 2096 rex
521 2031 653 2117 Angliae
683 2037 717 2096 et
748 2032 907 2096 Ricardus
942 2032 1032 2096 filius
1063 2033 1141 2117 ej,us
1175 2036 1448 2103 comeskfflal’hffir

238 2133 447 2209 Pictavensis,
470 2133 540 2197 dux
570 2133 779 2218 Burgundiae,
803 2133 938 2198 comites
961 2133 1182 2213 Flandrensis,
1208 2134 1282 2199 Ble-
1294 2117 1326 2151 ⁸¹¹
1329 2102 1449 2169 Hdenry

237 2237 348 2315 sensis,
382 2235 573 2313 Trescensis‚
608 2234 796 2300 Laicestriae
819 2239 854 2299 et
887 2236 927 2299 de
961 2236 1129 2316 Ferrariis‚
1159 2242 1195 2301 ct
1225 2206 1367 2302 alii⁰tiler

237 2339 408 2424 principes
432 2338 566 2402 comites
588 2342 624 2400 et
645 2336 791 2413 barones,
814 2358 939 2401 necnon
960 2344 995 2402 et
1024 2301 1450 2425 ιιιιιὶιίθρίεοοριιιιξῖᾞὲξζᾱξ01

237 2438 429 2517 Trescensis‚
452 2437 649 2502 Willielmus
671 2438 930 2525 archiepiscopus
953 2440 1227 2527 Rothomagensis
1249 2445 1284 2506 et

239 2540 450 2605 Baldewinus
485 2539 745 2624 archiepiscopus
783 2539 1040 2616 Cantuarienais‚
1079 2543 1285 2629 episcopique

239 2644 446 2708 Beluacensis
477 2649 511 2707 et
549 2642 721 2706 Hubertus
760 2641 1010 2719 Sariabiriensis
1040 2650 1075 2709 et
1107 2644 1166 2708 alii
1188 2667 1289 2729 quam

238 2748 346 2833 plures
380 2746 506 2810 nobiles
543 2751 578 2809 et
617 2745 784 2832 ignobiles
828 2750 897 2809 tam
930 2746 1036 2811 clerici
1069 2770 1167 2832 quam
1204 2749 1288 2826 laici,

237 2849 368 2935 signum
397 2847 501 2912 crucis
530 2848 566 2911 in
603 2846 751 2913 vestibus
788 2848 961 2935 sumpturi,
994 2848 1217 2914 Ierosolimam
1252 2868 1287 2914 se

238 2953 423 3037 praeparant
446 2948 612 3035 proficisci.
670 2948 716 3012 Et
741 2969 815 3013 cum
838 2950 901 3033 ipsi
936 2949 1001 3012 duo
1025 2972 1115 3036 reges
1139 2951 1287 3016 Franciae

239 3058 273 3116 et
315 3051 447 3135 Angliae
475 3050 695 3136 possessiones
726 3055 797 3113 tam
834 3051 1024 3115 clericorum
1058 3074 1157 3136 quam
1187 3052 1288 3117 laico-

238 3176 321 3232 rum,
352 3154 501 3219 redditus
540 3152 772 3217 ecclesiasticos
803 3156 838 3216 et
867 3154 1041 3238 pecuniam
1070 3153 1285 3240 singulorum,

240 3256 387 3320 violenta
408 3276 508 3319 manu
530 3254 745 3318 decimassent
766 3254 809 3317 ad
831 3253 1070 3319 conficiendum
1102 3256 1167 3320 iter
1188 3277 1286 3321 suum

242 3347 549 3432 lerosolimitanum,
583 3355 677 3440 justo
715 3355 779 3419 Dei
810 3355 946 3440 judicio,
986 3357 1043 3441 qui
1080 3357 1155 3422 odio
1185 3357 1287 3423 habet

72 3463 104 3511 B·
104 3463 227 3577 lfflsden
220 3460 389 3546 rapinam
411 3459 447 3523 in
468 3458 635 3522 holocaust
621 3463 701 3535 tum,
726 3462 799 3521 orta
813 3463 864 3522 est
878 3479 999 3544 magna
1020 3458 1177 3524 dissensio
1198 3460 1288 3526 iuter

71 3528 121 3579 col
134 3534 207 3581 9399.

239 3563 344 3627 dictos
359 3561 440 3626 duos
461 3581 552 3646 regas
573 3566 608 3624 et
629 3560 798 3645 principes
845 3559 945 3624 Unde
974 3565 1047 3624 tota
1069 3561 1126 3625 illa
1148 3563 1287 3647 pecunia

240 3664 403 3728 violenter
434 3661 610 3728 collecta
600 3685 637 3725 m
670 3662 837 3725 donativis
868 3662 1014 3727 militum
1044 3669 1079 3727 et
1110 3664 1286 3749 stipendiis

238 3766 400 3832 exercitus
437 3764 568 3849 penitus
597 3767 648 3827 est
684 3768 885 3848 consumpta
946 3763 1034 3827 Nam
1071 3770 1286 3850 utrorumque

238 3868 411 3942 exercitus,
433 3865 476 3929 ad
498 3886 644 3950 pugnam
677 3886 736 3949 per
757 3865 845 3929 vices
868 3868 888 3928 4
912 3871 1075 3944 evocatus,
1104 3867 1285 3932 maximam

236 3976 379 4056 stragem
402 3967 573 4032 hominum
597 3966 920 4052 depraedationesque
948 3968 1150 4047 animalium,
1174 3971 1285 4035 incen-
1313 4048 1320 4063 ι

238 4072 293 4136 dia
324 4069 603 4153 desolationesque
637 4068 850 4145 ecclesiarum,
885 4070 1028 4146 urbium,
1066 4071 1228 4150 villarum,
1250 4078 1285 4138 et

237 4172 463 4239 subversiones
485 4170 699 4247 castellorum,
722 4176 874 4256 operatus
896 4176 956 4237 est

272 4449 278 4477 ¹
296 4445 353 4510 tac]
373 4445 447 4504 huuc,
459 4444 516 4493 MS.
818 4448 827 4475 ⁸
842 4446 927 4510 quam]
947 4460 1020 4508 quem
1031 4444 1058 4495 in
1071 4445 1126 4497 MS.

271 4527 281 4557 ²
298 4523 400 4591 tempus]
420 4538 521 4582 anuum,
532 4522 564 4572 R.
576 4522 608 4573 H.
818 4525 826 4554 ⁴
843 4525 988 4589 scripserat]
1009 4525 1149 4586 scribentis,
1161 4527 1192 4576 R.
1204 4527 1239 4578 H.
