3232 5692
356 765 422 830 340
616 777 825 828 lummene
847 776 954 827 asans
977 776 1146 838 ornares.

190 948 260 998 Al).
274 953 337 1000 ¹¹⁹⁹
358 949 547 1027 conabatur,
562 955 601 1016 ut
623 972 692 1017 non
713 951 820 1016 solum
836 949 994 1037 Angliam
1016 955 1053 1016 et
1066 948 1310 1015 Normanniam
1334 966 1420 1012 cum

191 1018 282 1067 '¹⁹¹⁶‘
359 1053 493 1139 reliquis
538 1053 636 1118 terris
669 1053 836 1131 retineret,
870 1053 929 1118 sed
977 1052 1078 1118 etiam
1125 1055 1165 1116 ut
1198 1047 1419 1138 Andegavia,

360 1153 593 1232 Cenomannia,
631 1155 784 1233 Turonis,
827 1159 862 1220 ct
899 1154 1036 1241 reliquae
1065 1158 1166 1220 terrac
1200 1173 1283 1240 quas
1318 1150 1418 1216 idem

358 1257 526 1323 Arthurus
563 1257 762 1344 possederat,
800 1257 844 1322 ad
881 1279 958 1323 cum
1002 1254 1200 1322 hereditarie
1244 1271 1418 1341 tanquam

358 1359 471 1426 heredi
501 1361 654 1447 proxime
684 1360 907 1426 volverentur.
964 1358 1065 1426 Unde
1102 1363 1179 1446 post
1207 1357 1286 1436 haee,
1323 1356 1417 1422 circa

358 1461 480 1528 festum
517 1462 631 1528 Sancti
664 1461 758 1528 Petri
795 1463 839 1528 ad
872 1461 1026 1543 Vincula,
1057 1459 1147 1548 apud
1179 1465 1327 1526 castrum
1365 1457 1414 1524 de

192 1602 326 1667 lepreon·
359 1564 541 1642 Mirabelle,
557 1564 644 1652 cepit
666 1570 701 1631 et
717 1565 837 1632 occidit
858 1565 1035 1652 praefatum
1050 1563 1237 1629 Arthurum
1251 1566 1413 1650 nepotem

192 1679 261 1749 ment
272 1672 302 1720 oc
359 1689 465 1748 suum,
480 1673 515 1733 et
536 1689 679 1733 sororem
703 1667 772 1753 ejus
787 1667 977 1733 Alienorum
992 1666 1081 1753 apud
1096 1664 1310 1752 Brystolliam
1332 1686 1413 1751 per-

192 1752 308 1855 {iffi
359 1775 459 1855 petuo
482 1771 601 1835 carceri
635 1771 862 1856 mancipavit3
895 1792 970 1856 quse
1001 1773 1036 1835 et
1058 1769 1146 1835 infra
1180 1769 1279 1834 breve
1302 1769 1411 1833 etiam

192 1880 325 1966 'rhqking
359 1872 500 1939 obiebat.
546 1873 674 1937 Audita
696 1879 807 1939 autem
830 1872 1020 1958 hujusmodi
1043 1877 1148 1937 morte
1171 1871 1322 1949 Arthuri,
1346 1891 1411 1935 rex

192 1948 327 2001 “mm
359 1972 507 2040 Franciae
538 1974 647 2061 ipsum
679 1975 868 2040 Jobannem
899 1996 1010 2061 regem
1037 1974 1170 2062 Angliae
1204 1973 1247 2039 ad
1279 1972 1409 2039 curiam

190 2029 320 2132 iffi?
357 2096 451 2140 suam
482 2076 604 2142 fecerat
635 2077 861 2158 summoneri;
899 2099 997 2163 quem
1035 2083 1074 2142 ut
1111 2076 1314 2164 proditorem
1345 2096 1409 2161 pro

191 2149 339 2265 fflss'ffi'*
357 2183 461 2243 morte
488 2178 618 2265 praefati
641 2179 782 2244 Arthuri
813 2178 929 2263 punire
960 2179 1068 2245 acrius
1091 2178 1293 2266 disponebat.
1340 2177 1409 2243 Sed

191 2280 511 2360 ofnapur,J0ham10
547 2302 623 2367 rege
660 2282 704 2346 ad
741 2282 948 2348 vocationem
985 2281 1072 2368 regis
1111 2279 1260 2347 Franciae
1291 2281 1408 2346 venire

190 2349 339 2480 {duffii}
357 2388 597 2460 contemnente,
620 2383 688 2469 ipse
722 2406 783 2449 rex
809 2384 956 2449 Franciae
988 2384 1156 2451 occasione
1178 2389 1313 2449 escaetae
1348 2403 1409 2469 per

190 2481 324 2559 andpner
357 2490 496 2550 mortem
518 2485 668 2563 Artburi,
691 2491 726 2551 et
752 2486 981 2552 conventionis
1003 2485 1099 2551 initae
1125 2486 1346 2573 interipsum
1370 2489 1408 2550 et

190 2560 328 2609 mm
356 2587 379 2651 J
382 2587 545 2652 ohannem
567 2609 678 2674 regem
711 2590 797 2674 quod
829 2589 977 2654 homines
1009 2587 1112 2675 ipsius
1144 2610 1257 2675 pacem
1287 2587 1408 2654 infrin-

355 2690 464 2776 gentis
487 2689 529 2754 ab
553 2690 623 2775 ejus
646 2690 808 2756 fidelitate
831 2690 1091 2771 absolverentur,
1106 2696 1305 2779 propterque
1327 2691 1408 2757 felo-

356 2791 447 2855 niam
463 2791 632 2857 homicidii
647 2792 750 2879 ipsius
766 2792 916 2868 Arthuri,
925 2791 1175 2872 Normanniam,
1184 2793 1405 2872 Britanniam,

357 2880 553 2972 Pictaviam,
587 2894 825 2981 Andegaviam,
863 2895 1129 2974 Oenomanniam,
1167 2895 1278 2961 omnia
1311 2918 1406 2983 paene

287 3069 289 3075 ¹
357 3017 431 3082 quae
462 2996 525 3083 ipsi
558 2997 728 3063 Johannes
758 3020 817 3062 rex
848 3001 882 3063 et
909 2998 1077 3063 Arthurus
1108 2999 1144 3062 in
1175 2999 1406 3064 transmarinis

357 3099 509 3184 partibus
531 3099 717 3166 habuerant
740 3105 860 3185 praeter
883 3099 1087 3178 Gasconiam,
1107 3102 1288 3187 occupavit.
1335 3101 1406 3168 Nec

357 3203 515 3288 posthoc
538 3208 669 3289 tempus
703 3203 784 3289 ipsae
809 3207 905 3268 terrae
937 3202 979 3266 ad
1002 3224 1120 3267 manus
1142 3225 1257 3290 regum
1279 3204 1405 3290 Anglo-

189 3315 245 3366 The
257 3315 344 3382 elergy
357 3327 430 3368 rum
446 3306 689 3390 pertinuerunt.
729 3306 801 3370 Rex
822 3311 934 3370 autem
950 3304 974 3369 J
975 3304 1120 3370 ohannes
1142 3305 1279 3371 audiens
1295 3327 1404 3393 regem

188 3383 330 3514 {ffij'w
358 3406 558 3472 Francorum
581 3413 686 3472 terras
708 3408 795 3494 ipsas
818 3407 1005 3493 hujusmodi
1028 3406 1140 3471 hostili
1158 3407 1292 3494 justitia
1311 3409 1406 3473 inva-

189 3515 342 3580 kinguohn.
357 3511 446 3590 sisse,
469 3510 724 3596 parliamentum
756 3509 938 3575 Londoniis
960 3509 1144 3587 celebravit,
1168 3510 1299 3596 illicque
1322 3534 1405 3598 proe-

355 3612 440 3676 latos
473 3616 508 3675 ct
542 3612 663 3676 clerum
696 3612 735 3676 de
768 3611 893 3676 decima
926 3610 1148 3697 spiritualium
1179 3611 1331 3677 habenda
1361 3614 1404 3678 ad

356 3714 528 3779 lucrandas
560 3715 649 3800 ipsas
672 3719 777 3778 terras
809 3713 1045 3778 transmarinas
1078 3714 1273 3799 requirebat.
1319 3714 1404 3802 Ipsis

355 3822 468 3882 temen
491 3817 698 3903 postulatum
722 3817 895 3882 concedere
918 3815 1115 3895 nolentibus,
1140 3839 1199 3882 rex
1222 3818 1308 3884 clero
1330 3819 1403 3884 irri-

355 3924 448 3984 tatus
470 3942 490 3982 a
512 3918 730 3984 relucratione
753 3920 900 4005 ipsarum
918 3925 1095 4003 ⁴terrarum
1118 3918 1303 3987 desistebat.
1350 3921 1403 3987 Ob

186 4026 310 4079 Libertiee
356 4044 496 4107 quarum
527 4026 691 4085 terrarum
726 4021 1006 4107 recuperationem
1038 4031 1118 4102 ipse¹
1149 4043 1208 4087 rex
1242 4031 1400 4098 Johannes,
1415 4035 1449 4087 R.
1462 4037 1577 4103 nigore.

188 4097 338 4212 ffiegbd
356 4125 469 4195 primus
487 4123 617 4177 omnium
635 4141 741 4192 regum
752 4123 879 4193 Angliae,
895 4124 1024 4196 quinque
1036 4123 1178 4195 portubus
1196 4125 1286 4180 maris
1298 4124 1403 4196 Angli·
1414 4104 1465 4156 ⁰⁰¹·
1478 4113 1554 4159 ²⁴²⁴·

188 4225 231 4274 the
246 4228 343 4295 Ciaque
356 4208 421 4264 cani
433 4208 582 4262 libertates
597 4206 737 4277 quasdam
750 4214 781 4262 ct
792 4208 1028 4273 eonsuetudines,
1045 4208 1152 4279 quibus
1169 4208 1264 4262 adhue
1276 4208 1404 4265 clamant

187 4291 269 4346 Porta
356 4291 549 4361 congaudere,
570 4290 708 4346 fcoffavit.
745 4290 830 4345 Unde
850 4297 880 4346 et
906 4292 963 4362 ipsi
985 4309 1017 4347 se
1035 4291 1067 4346 in
1086 4297 1262 4363 perpetuum
1280 4292 1403 4362 praefato

355 4375 483 4432 Johanni
501 4381 531 4430 ct
554 4374 712 4430 heredibus
731 4375 794 4431 suis
812 4374 1020 4445 obligaverant
1037 4375 1116 4446 quod
1134 4378 1199 4446 ipso
1217 4382 1347 4446 tempore
1371 4376 1402 4431 in

701 4691 708 4722 ¹
725 4690 858 4757 Abridged
867 4691 933 4743 from
944 4690 1055 4759 Higden.
