3232 5692
193 899 260 949 abl).
276 905 336 950 1221

192 970 283 1017 42³5.

210 4057 354 4109 Unfavcur·

207 4124 265 4175 able
275 4141 342 4175 com·

209 4192 316 4254 position

209 4260 300 4321 agreed
311 4266 337 4308 tc

209 4324 244 4387 by
255 4325 298 4375 the

209 4392 291 4443 abbat.

361 703 425 767 408
631 712 805 766 arcturus
827 716 934 767 ausas
955 716 1131 768 susumus

360 894 520 981 assignati
543 893 587 957 ad
609 887 840 975 inquirendum
865 894 893 957 si
915 892 1024 959 dictus
1043 892 1147 959 abbas
1162 894 1289 959 noster
1314 882 1442 951 Ricar-

362 997 423 1062 dua
454 996 580 1082 aliquid
614 999 831 1079 occupaverat
861 996 975 1082 magis,
997 995 1033 1061 iu
1059 995 1142 1061 villa
1174 1000 1211 1061 et
1250 985 1444 1058 territorio

362 1097 403 1164 da
426 1097 586 1185 Waghua‚
610 1098 651 1164 de
675 1097 771 1165 feodo
798 1096 1031 1185 archiepiscopi
1060 1095 1297 1175 Eboracensis,
1329 1110 1445 1179 quam

362 1202 445 1267 duas
467 1207 636 1267 carucatas
658 1206 766 1279 tarrae,
788 1220 863 1265 cum
889 1200 1039 1287 passagio
1061 1199 1103 1266 de
1125 1198 1233 1265 Hallo
1258 1200 1298 1265 et
1322 1188 1442 1282 perti·

362 1304 486 1369 nentiis
507 1303 585 1369 suis.
632 1304 732 1372 Unde
754 1301 951 1388 inquisitum
965 1307 1025 1382 est,
1040 1302 1084 1368 ad
1098 1301 1302 1369 instantiam
1319 1296 1441 1364 dicte-

363 1428 437 1471 rum
452 1405 682 1493 archiepiscopi
698 1410 734 1472 et
754 1404 892 1484 abbatis,
907 1426 967 1492 per
981 1410 1218 1471 sacramentum
1234 1401 1439 1492 proborum

365 1508 535 1572 hominum
558 1508 600 1575 de
622 1509 768 1575 vicinata
791 1507 832 1573 de
854 1506 1014 1594 Waghna
1061 1506 1129 1588 Qui
1150 1506 1440 1595 recognoverunt

365 1610 453 1697 quod
489 1610 748 1699 archiepiscopus
785 1610 855 1696 ipse
886 1616 922 1675 et
955 1609 1207 1697 praedecessores
1245 1608 1302 1674 sui
1339 1602 1438 1671 nihil

366 1734 512 1798 unquam
554 1714 660 1801 magis
706 1712 896 1778 habuerunt
932 1711 967 1776 in
1004 1710 1157 1798 Waghna
1192 1732 1297 1797 quam
1340 1708 1438 1773 duas

366 1820 533 1880 carucatas
555 1820 661 1896 terrae,
680 1837 755 1881 cum
776 1813 927 1901 passagio
941 1834 1037 1899 aquae
1059 1814 1099 1879 de
1116 1813 1228 1892 Hullo,
1244 1834 1325 1879 cum
1353 1832 1436 1898 per·

367 1917 517 1981 tinentiis
539 1919 606 1983 suis
617 1944 626 2000 ;
648 1940 722 2004 quea
752 1917 828 1983 duae
849 1921 1009 1983 carucatas
1030 1917 1119 2004 apud
1140 1918 1299 2003 antiquos
1321 1912 1437 1980 facie·

366 2020 450 2085 bant
481 2019 562 2085 xxii.
600 2020 738 2086 bovatas
770 2024 875 2098 terrae,
907 2023 1054 2106 tempore
1087 2039 1152 2105 quo
1183 2020 1285 2086 dictae
1319 2022 1435 2083 terra)

368 2122 481 2187 domui
503 2127 625 2189 nostrae
651 2122 787 2189 fuerunt
818 2121 972 2202 collatae3
1006 2126 1041 2187 ct
1073 2122 1161 2207 qued
1201 2121 1434 2208 praedictet

368 2228 529 2290 carucata)
552 2231 649 2292 terrae
682 2225 792 2290 nunus
814 2224 939 2289 habeut
961 2245 1061 2309 quam
1083 2224 1164 2290 xxii.
1186 2224 1340 2301 bovatas,
1368 2244 1434 2310 per

369 2330 390 2391 t
413 2348 504 2391 acras
526 2333 561 2392 et
583 2332 650 2393 tres
673 2332 826 2414 sturigas3
847 2332 883 2391 et
905 2325 993 2412 quod
1008 2325 1269 2413 archiepiscopus
1292 2325 1435 2391 Ebora·

369 2428 474 2495 censis
497 2429 625 2495 nullum
647 2429 739 2494 aliud
768 2428 909 2507 feodum,
939 2430 1030 2494 ultra
1051 2429 1132 2495 xxii
1154 2428 1297 2495 bovatas
1319 2435 1433 2495 terra¹

369 2530 542 2617 praedictas
564 2536 599 2595 et
620 2530 809 2617 passagium
832 2531 872 2595 de
903 2530 1007 2597 Hullo
1041 2553 1114 2596 cum
1138 2531 1363 2618 pertinentiis,
1391 2530 1433 2595 in

369 2632 452 2698 villa
472 2633 630 2719 praedicta
652 2655 798 2719 unquam
821 2632 940 2697 habuit
960 2631 1014 2698 vel
1037 2632 1156 2699 habere
1178 2634 1321 2701 deberet
1373 2635 1432 2699 De

370 2758 438 2820 qua
473 2734 595 2800 iterum
633 2734 866 2821 recognitione,
905 2739 1052 2822 tempore
1090 2734 1248 2802 Willelmi
1285 2736 1435 2801 abbatis

373 2840 424 2914 18,
454 2841 568 2923 postea
596 2836 764 2902 referetur.
818 2836 889 2902 Nec
918 2836 965 2901 sic
996 2836 1130 2923 quidem
1161 2838 1434 2904 coutentabatur

373 2938 540 3004 Walterus
573 2938 841 3026 archiepiscopus,
864 2940 923 3005 aed
954 2940 995 3004 de
1025 2939 1191 3026 praedictis
1214 2944 1235 3006 2
1257 2943 1433 3008 carucatis
1469 3002 1474 3021 ,

372 3047 471 3107 terrae
493 3062 553 3105 nos
576 3041 612 3105 in
642 3063 774 3107 causam
797 3041 959 3107 trahebat.
1005 3041 1106 3107 Unde
1135 3042 1263 3109 litteras
1285 3045 1434 3132 papales
1541 3128 1545 3133 ,

371 3143 414 3208 ad
443 3142 645 3208 Willclmum
679 3144 866 3230 episcopum
898 3143 1035 3211 Gestrire
1069 3150 1104 3211 et
1134 3146 1215 3212 alios
1244 3169 1322 3213 suos
1357 3149 1433 3213 col-

373 3246 463 3331 legas
494 3244 555 3310 hac
589 3267 686 3310 causa
719 3246 919 3333 impetravit.
963 3246 1051 3334 xIpse
1086 3253 1199 3313 autem
1234 3249 1433 3317 Willelmus

372 3348 541 3434 episcopus
563 3346 672 3412 fuerat
694 3348 814 3414 sedalis
843 3348 945 3436 ipsius
967 3350 1200 3439 archiepiscopi
1223 3352 1365 3419 Walteri
1390 3355 1433 3419 iu

374 3450 464 3513 cirria
486 3454 521 3513 ct
543 3449 640 3514 domo
662 3450 747 3535 regis
768 3448 934 3516 Jebannis
948 3451 1054 3517 multe
1070 3457 1224 3541 ternpore.
1270 3456 1433 3543 Cumque

374 3550 552 3637 lauredictus
594 3552 862 3639 archiepiscopus,
899 3554 1050 3638 quamvis
1088 3554 1197 3621 dictus
1235 3556 1433 3625 Willelmus

375 3653 600 3739 episcopusin
623 3659 784 3739 quantum
806 3659 938 3740 poterat
960 3656 990 3720 ci
1013 3655 1157 3722 favorem
1179 3659 1362 3740 adhiberet,
1388 3662 1432 3726 in

375 3755 466 3819 curia
487 3754 738 3821 christianitatis
763 3756 847 3820 nihil
877 3758 1030 3842 preficere
1052 3765 1168 3846 posset,
1191 3762 1327 3848 reliquit
1349 3787 1430 3830 eam

376 3863 411 3923 et
433 3859 537 3923 traxit
552 3881 612 3924 nos
635 3859 816 3924 incuriam
839 3861 931 3947 regis
977 3862 1047 3928 Ubi
1061 3886 1134 3928 cum
1150 3886 1254 3943 eausa,
1269 3865 1432 3953 langues·

376 3966 470 4025 cente
492 3966 605 4026 nostro
627 3962 755 4039 abbate,
778 3983 835 4049 per
857 3985 982 4028 annum
1005 3964 1176 4051 ageretur,¹
1201 3974 1276 4054 pest
1298 3969 1430 4035 multas

378 4062 609 4128 tribulationes
656 4069 690 4128 ct
737 4086 905 4151 expensas,
943 4064 1046 4130 abbas
1093 4069 1170 4154 ipse,
1207 4070 1429 4157 simplicitate

377 4164 504 4243 ductus,
523 4165 609 4249 juris
631 4164 764 4250 ignarus
779 4171 814 4230 et
829 4176 918 4231 metu
941 4168 1010 4233 litis
1032 4172 1233 4255 perterritus,
1256 4183 1428 4241 conventu

376 4264 512 4330 nostro2
545 4267 679 4331 omnino
710 4268 907 4334 reclamante
938 4276 973 4335 ct
1003 4272 1046 4336 ad
1076 4274 1186 4338 sedem
1208 4277 1426 4361 apostolicam

377 4367 573 4455 appellante,
611 4369 776 4455 quandam
814 4374 1081 4459 compositionem
1115 4377 1305 4443 damnosam
1341 4379 1426 4447 iniit

410 4626 418 4656 1
436 4624 560 4691 affletur]
579 4623 724 4691 agitaretur,
735 4626 765 4678 P.
895 4627 901 4696 Ι
956 4632 966 4660 ²
983 4631 1075 4698 nosue]
1096 4633 1207 4701 wanting
1218 4635 1245 4686 in
1256 4636 1287 4689 P.
