3232 5692
352 555 372 589 Ο

226 846 229 856 Ι
320 769 385 833 324
582 780 793 832 innxmnau
815 780 923 832 mass
946 782 1114 843 ausurus

154 961 297 1016 murro?
320 956 488 1036 exhibere,
503 955 567 1038 vel,
592 956 620 1021 si
643 955 786 1042 pretium
802 954 845 1020 ad
867 976 962 1021 suum
985 957 1119 1024 libitum
1141 980 1401 1042 recusaremus,

154 1034 244 1083 '¹²¹⁰'
320 1065 493 1148 sperantes
526 1081 560 1125 se
595 1064 711 1125 contra
741 1080 802 1124 nos
825 1056 957 1124 fortiter
985 1058 1137 1142 facturos,
1160 1064 1306 1150 penitus
1333 1066 1400 1134 ab·

321 1168 478 1228 nuerunt
526 1160 591 1227 Sed
625 1182 692 1239 nos,
728 1159 906 1225 secundum
938 1166 1085 1228 tenorem
1123 1165 1398 1254 privilegiorum

321 1274 519 1343 nostrorum,
536 1263 677 1329 decimas
699 1261 848 1327 laborum
871 1267 1055 1330 nostrorum
1078 1266 1220 1352 propriis
1244 1270 1392 1337 usibus¹

323 1367 465 1433 retinere
498 1365 656 1443 volentes,
680 1364 762 1430 dicti
796 1364 945 1431 canonici
976 1366 1208 1454 multipliciter
1239 1371 1395 1440 infesta·

321 1475 411 1534 runt.
459 1468 669 1555 Quapropter
698 1488 768 1543 nos,
790 1466 833 1532 ud
863 1466 1094 1554 appellationis
1125 1472 1272 1538 tutelam
1306 1497 1393 1543 con-

322 1576 501 1650 currentes,
521 1569 651 1656 judices
686 1570 812 1657 legatos
846 1591 867 1633 a
896 1568 987 1635 curia
1009 1568 1159 1638 Romane
1180 1596 1285 1663 super
1319 1579 1392 1647 hiis

322 1672 586 1761 impetravimus.
633 1671 715 1737 Post
742 1671 865 1736 multos
895 1693 971 1760 ergo
1000 1671 1127 1738 labores
1156 1680 1192 1741 et
1214 1698 1391 1765 expensas

323 1775 481 1862 plurimas
516 1774 715 1839 sententiam
748 1795 807 1860 pro
841 1773 938 1839 uobis
964 1774 1147 1858 habuimus,
1170 1784 1205 1843 et
1227 1787 1389 1850 canonici

323 1879 386 1966 ipsi
409 1878 453 1943 ad
475 1878 673 1943 solutionem
696 1898 728 1942 x.
744 1897 936 1954 marcarum,
952 1898 1169 1964 expensarum
1184 1888 1385 1953 nostrarum

323 1982 464 2059 nomine,
488 1981 626 2046 fuerunt
655 1979 873 2045 condemnati.
921 1978 1009 2046 Oui⁹
1039 1982 1195 2047 solutioni
1226 1985 1289 2052 diu
1322 1991 1386 2056 ob·

323 2084 519 2150 sistentibus
542 2083 640 2148 dictis
663 2082 836 2161 canonicis,
852 2103 927 2147 cum
949 2081 1021 2170 ipsa
1043 2082 1177 2151 eeclesia
1199 2086 1240 2153 de
1257 2089 1385 2158 Whar-

323 2210 416 2254 roma
445 2187 542 2252 nobis
572 2186 744 2251 commissa
772 2184 913 2251 fuisset³
942 2207 1000 2271 per
1025 2185 1161 2269 judices,
1183 2195 1224 2256 ut
1254 2193 1297 2259 de
1321 2197 1384 2262 ob.

324 2290 538 2355 ventionibus
561 2288 631 2373 ejus
646 2309 805 2376 expensas
825 2293 956 2354 nostras
972 2290 1195 2376 reciperemus,
1220 2297 1387 2365 assisten-

324 2392 415 2458 tibus
431 2391 578 2456 cisdem⁴
601 2395 673 2456 toto
695 2390 841 2476 capitulo
865 2389 1063 2457 Eboraoensi
1087 2399 1120 2459 et
1135 2392 1315 2464 Willielmo
1338 2402 1384 2469 de

325 2493 476 2580 Brytona
510 2492 671 2570 similiter,
699 2494 772 2558 viro
807 2492 949 2578 quodam
983 2499 1124 2560 uxorato
1157 2499 1214 2583 qui
1244 2499 1381 2569 fuerat³

324 2596 504 2662 vicecomes
528 2594 752 2675 Eboracensis,
780 2595 832 2660 cui
862 2594 932 2680 jam
964 2595 1055 2662 illam
1087 2597 1246 2665 dederant
1276 2607 1382 2675 eccle.

324 2698 407 2763 siam
423 2703 462 2761 ut
485 2697 653 2762 fortiorem
677 2697 771 2763 nobis
796 2698 1012 2764 inducerent⁶
1034 2700 1278 2785 adversarium
1317 2713 1378 2795 qui

326 2801 360 2865 in
385 2804 518 2864 tuntum
542 2821 602 2865 nos
626 2801 762 2866 vexavit
792 2807 832 2866 ut
855 2801 990 2886 quidam
1022 2802 1063 2868 de
1093 2803 1161 2869 suis
1183 2828 1301 2873 manus
1324 2813 1380 2877 in·

321 2905 466 2989 jicereut
488 2901 654 2968 violentos
685 2903 722 2968 in
752 2903 911 2988 quosdam
942 2905 1118 2971 monachos
1148 2913 1182 2972 et
1204 2930 1378 2981 couversos

158 3016 275 3069 Arbitru-
326 3011 477 3082 nostros;
524 3004 660 3070 tandem
695 3006 785 3071 inter
815 3011 928 3093 partes
963 3031 1020 3096 per
1058 3009 1200 3076 arbitros
1232 3013 1311 3081 hinc
1341 3024 1378 3084 et

157 3085 218 3136 ¹¹⁰⁰·
326 3109 403 3174 inde
441 3108 562 3174 electos
600 3107 648 3172 itu
686 3108 849 3186 convenit,
885 3116 924 3173 ut
961 3111 1103 3198 triginta
1140 3113 1259 3180 solidos
1296 3118 1377 3204 ipsis

326 3210 490 3278 canonicis
522 3233 581 3298 pro
608 3211 695 3276 bono
726 3213 815 3299 pacis
837 3214 1010 3279 annuatim
1033 3215 1158 3282 solvere
1180 3221 1375 3288 teneremur.

327 3315 425 3395 Quod
448 3315 527 3399 quia
550 3310 638 3379 idem
668 3314 772 3379 abbas
796 3314 986 3382 Alexander
1014 3317 1142 3383 invitus
1171 3322 1375 3407 promiserat,

158 3424 361 3483 Renovalotet
398 3423 583 3482 convontus
621 3438 679 3503 per
717 3416 912 3482 violentiam
956 3424 1119 3486 attractus
1164 3434 1375 3507 concesserat,

158 3495 290 3560 ¹³¹¹⁸⁸ti⁰²
326 3521 429 3607 ipsam
454 3519 706 3585 conventionem
729 3520 843 3585 volens
866 3519 968 3585 abbas
991 3521 1120 3590 irritare
1151 3524 1243 3592 litem
1266 3529 1376 3596 denuo

326 3622 522 3701 suscitavit;
546 3627 579 3687 et
611 3644 671 3708 per
705 3621 834 3688 litteras
868 3625 1064 3710 apostolicas
1087 3628 1173 3715 ipsos
1195 3633 1375 3713 canonicos,

159 3738 229 3788 oso.
326 3726 450 3813 pariter
485 3730 519 3790 et
554 3724 771 3789 Willielmum
806 3725 846 3792 de
881 3725 1040 3814 Brytona,
1072 3731 1112 3795 de
1149 3732 1309 3800 violentia
1340 3744 1375 3803 et

326 3827 448 3913 injuria
469 3849 567 3914 super
591 3828 816 3893 detentionem
846 3829 992 3916 ipsarum
1015 3855 1045 3896 x.
1070 3855 1252 3900 marcarum
1275 3837 1376 3904 illatis

160 3948 284 3999 Senones
326 3933 360 3996 in
396 3953 524 3996 causam
562 3930 721 3996 trohebat.
770 3931 851 4011 Quae
882 3954 955 3998 cum
985 3957 1043 4021 per
1073 3936 1244 4003 biennium
1273 3946 1307 4005 et
1337 3964 1374 4008 eo

158 4017 310 4079 ΨΜ
326 4034 468 4120 amplius
491 4033 609 4099 fuisset
631 4034 768 4119 agitata,
792 4035 937 4100 iterum⁷
959 4037 1029 4102 lata
1052 4045 1102 4104 est
1121 4042 1285 4107 sententia
1300 4066 1374 4109 con-

159 4097 260 4134 canona.
326 4143 379 4203 tra
399 4136 529 4201 eosdem
553 4141 588 4201 et
603 4135 797 4202 confirmata
815 4144 865 4202 est
880 4141 1046 4206 sententia
1061 4141 1204 4228 priorum
1215 4143 1374 4227 judicum,

359 4457 491 4523 'propriis
518 4455 615 4522 υἱὸν]
646 4457 672 4506 iu
705 4458 822 4509 manibus
845 4463 851 4483 ⁸
907 4459 1032 4527 ⁴e1'sdem]
1051 4462 1138 4524 eis,P.

324 4537 423 4598 nocuis,
435 4537 464 4588 P.
907 4541 917 4568 ⁸
926 4541 1030 4607 janot]
1049 4551 1104 4594 erat
1113 4543 1191 4607 qussi,
1203 4544 1232 4594 P.

357 4621 367 4648 ²
387 4616 449 4683 Car]
469 4615 556 4680 Cujus
567 4616 596 4666 P.
907 4622 917 4649 ⁸
935 4617 1087 4687 iaderam]
1107 4631 1228 4682 crearent,
1241 4624 1269 4673 1‘.

359 4696 484 4762 ’[ιιίεεεΐ]
504 4704 576 4757 esset,
587 4696 616 4746 P.
908 4699 1033 4765 ἰἐστκιιι]
1053 4702 1261 4764 ιάιιΙῑίωιιω,Ρ.
